Retailer,Region,State,City,Product,Price per Unit,Units Sold,Operating Profit,Sales Method,Total Sales,Month,Year,Day,Season,Date
Foot Locker,Northeast,New York,New York,Men's Street Footwear,44,434,954.8,Outlet,19096,3,2020,10,Q1,3/10/2020
Walmart,Northeast,New York,New York,Men's Street Footwear,48,420,1209.6,Outlet,20160,5,2020,3,Q2,5/3/2020
Walmart,Northeast,New York,New York,Men's Street Footwear,39,408,795.6,Outlet,15912,4,2020,19,Q2,4/19/2020
Walmart,Northeast,New York,New York,Men's Street Footwear,46,403,1112.28,Outlet,18538,4,2020,27,Q2,4/27/2020
Foot Locker,Northeast,New York,New York,Men's Street Footwear,47,400,940,Outlet,18800,3,2020,4,Q1,3/4/2020
Foot Locker,Northeast,New York,New York,Men's Street Footwear,40,390,780,Outlet,15600,1,2020,25,Q1,1/25/2020
Foot Locker,Northeast,New York,New York,Men's Street Footwear,33,388,640.2,Outlet,12804,1,2020,7,Q1,1/7/2020
Foot Locker,Northeast,New York,New York,Men's Street Footwear,34,384,652.8,Outlet,13056,1,2020,1,Q1,1/1/2020
Foot Locker,Northeast,New York,New York,Men's Street Footwear,41,375,768.75,Outlet,15375,3,2020,16,Q1,3/16/2020
Walmart,South,Texas,Houston,Women's Street Footwear,29,374,433.84,Outlet,10846,8,2020,26,Q3,8/26/2020
Walmart,South,Texas,Houston,Women's Street Footwear,29,374,433.84,Outlet,10846,9,2020,1,Q3,9/1/2020
Foot Locker,Northeast,New York,New York,Men's Street Footwear,33,372,613.8,Outlet,12276,1,2020,31,Q1,1/31/2020
Foot Locker,Northeast,New York,New York,Men's Street Footwear,44,366,805.2,Outlet,16104,2,2020,6,Q1,2/6/2020
Walmart,Northeast,New York,New York,Men's Street Footwear,56,360,1209.6,Online,20160,4,2020,19,Q2,4/19/2020
Foot Locker,Northeast,New York,New York,Men's Athletic Footwear,37,359,398.49,Outlet,13283,3,2020,17,Q1,3/17/2020
Walmart,Northeast,New York,New York,Women's Apparel,48,355,511.2,Outlet,17040,4,2020,18,Q2,4/18/2020
Foot Locker,Northeast,New York,New York,Men's Street Footwear,46,354,977.04,Online,16284,1,2020,25,Q1,1/25/2020
Foot Locker,Northeast,New York,New York,Women's Apparel,47,352,496.32,Outlet,16544,3,2020,15,Q1,3/15/2020
Foot Locker,Northeast,New York,New York,Women's Street Footwear,32,350,448,Outlet,11200,1,2020,3,Q1,1/3/2020
Foot Locker,Northeast,New York,New York,Women's Apparel,36,350,378,Outlet,12600,1,2020,24,Q1,1/24/2020
Walmart,Northeast,New York,New York,Men's Athletic Footwear,43,350,451.5,Outlet,15050,4,2020,20,Q2,4/20/2020
Walmart,Northeast,New York,New York,Women's Apparel,45,350,472.5,Outlet,15750,4,2020,24,Q2,4/24/2020
Walmart,South,Texas,Houston,Women's Apparel,38,350,798,Outlet,13300,8,2020,23,Q3,8/23/2020
Foot Locker,Northeast,New York,New York,Women's Apparel,46,347,478.86,Outlet,15962,3,2020,9,Q1,3/9/2020
Foot Locker,Northeast,New York,New York,Men's Athletic Footwear,41,340,418.2,Outlet,13940,3,2020,5,Q1,3/5/2020
Walmart,Northeast,New York,New York,Women's Apparel,48,340,489.6,Outlet,16320,7,2020,18,Q3,7/18/2020
Foot Locker,Northeast,New York,New York,Men's Street Footwear,47,336,947.52,Online,15792,1,2020,1,Q1,1/1/2020
Foot Locker,Northeast,New York,New York,Women's Apparel,39,333,389.61,Outlet,12987,2,2020,5,Q1,2/5/2020
Walmart,Northeast,New York,New York,Women's Street Footwear,42,333,559.44,Outlet,13986,5,2020,5,Q2,5/5/2020
Walmart,South,Texas,Houston,Men's Street Footwear,32,333,426.24,Outlet,10656,10,2020,26,Q4,10/26/2020
Walmart,South,Texas,Houston,Men's Athletic Footwear,34,333,452.88,Outlet,11322,10,2020,27,Q4,10/27/2020
Foot Locker,Northeast,New York,New York,Women's Apparel,38,330,376.2,Outlet,12540,1,2020,6,Q1,1/6/2020
Walmart,Northeast,New York,New York,Women's Apparel,50,330,495,Outlet,16500,4,2020,26,Q2,4/26/2020
Foot Locker,Northeast,New York,New York,Men's Street Footwear,58,325,1131,Online,18850,3,2020,16,Q1,3/16/2020
Foot Locker,Northeast,New York,New York,Women's Athletic Footwear,40,324,518.4,Outlet,12960,3,2020,31,Q1,3/31/2020
Sports Direct,Southeast,Florida,Miami,Men's Street Footwear,63,323,1220.94,Online,20349,5,2020,24,Q2,5/24/2020
Foot Locker,Northeast,New York,New York,Women's Street Footwear,32,323,413.44,Outlet,10336,1,2020,21,Q1,1/21/2020
Foot Locker,Northeast,New York,New York,Women's Apparel,36,323,348.84,Outlet,11628,1,2020,30,Q1,1/30/2020
Walmart,South,Texas,Houston,Men's Athletic Footwear,33,323,426.36,Outlet,10659,8,2020,19,Q3,8/19/2020
Walmart,Northeast,New York,New York,Women's Apparel,53,322,511.98,Outlet,17066,5,2020,2,Q2,5/2/2020
Foot Locker,Northeast,New York,New York,Men's Athletic Footwear,36,320,345.6,Outlet,11520,1,2020,2,Q1,1/2/2020
Foot Locker,Northeast,New York,New York,Women's Apparel,44,320,422.4,Outlet,14080,3,2020,3,Q1,3/3/2020
Foot Locker,Northeast,New York,New York,Men's Street Footwear,59,319,1129.26,Online,18821,3,2020,10,Q1,3/10/2020
Walmart,South,Texas,Houston,Women's Street Footwear,37,319,472.12,Online,11803,8,2020,26,Q3,8/26/2020
Foot Locker,Southeast,Florida,Miami,Men's Street Footwear,43,319,823.02,Online,13717,8,2020,12,Q3,8/12/2020
Foot Locker,Northeast,New York,New York,Men's Athletic Footwear,41,318,521.52,Outlet,13038,3,2020,11,Q1,3/11/2020
Foot Locker,Northeast,New York,New York,Men's Street Footwear,54,317,1027.08,Online,17118,2,2020,6,Q1,2/6/2020
Foot Locker,Northeast,New York,New York,Men's Athletic Footwear,39,315,368.55,Outlet,12285,1,2020,8,Q1,1/8/2020
Foot Locker,Northeast,New York,New York,Men's Athletic Footwear,35,315,441,Outlet,11025,1,2020,26,Q1,1/26/2020
Foot Locker,Northeast,New York,New York,Men's Athletic Footwear,35,315,330.75,Outlet,11025,2,2020,1,Q1,2/1/2020
Foot Locker,Northeast,New York,New York,Women's Street Footwear,28,315,352.8,Outlet,8820,2,2020,2,Q1,2/2/2020
Walmart,Northeast,New York,New York,Women's Street Footwear,36,315,453.6,Outlet,11340,4,2020,21,Q2,4/21/2020
Walmart,Northeast,New York,New York,Men's Apparel,44,315,554.4,Outlet,13860,4,2020,23,Q2,4/23/2020
Walmart,South,Texas,Houston,Men's Street Footwear,24,315,302.4,Outlet,7560,8,2020,12,Q3,8/12/2020
Walmart,South,Texas,Houston,Women's Street Footwear,36,315,453.6,Outlet,11340,9,2020,7,Q3,9/7/2020
Foot Locker,Northeast,New York,New York,Women's Street Footwear,27,314,339.12,Outlet,8478,1,2020,27,Q1,1/27/2020
Foot Locker,Northeast,New York,New York,Women's Street Footwear,37,314,464.72,Outlet,11618,3,2020,18,Q1,3/18/2020
Foot Locker,Northeast,New York,New York,Men's Street Footwear,46,313,863.88,Online,14398,1,2020,7,Q1,1/7/2020
Foot Locker,Northeast,New York,New York,Men's Street Footwear,55,313,1032.9,Online,17215,3,2020,4,Q1,3/4/2020
Walmart,Northeast,New York,New York,Men's Street Footwear,62,312,1160.64,Online,19344,5,2020,3,Q2,5/3/2020
Walmart,Northeast,New York,New York,Men's Athletic Footwear,40,312,499.2,Outlet,12480,4,2020,28,Q2,4/28/2020
Walmart,Northeast,New York,New York,Men's Athletic Footwear,43,310,533.2,Outlet,13330,5,2020,4,Q2,5/4/2020
Foot Locker,Northeast,New York,New York,Men's Athletic Footwear,53,308,652.96,Online,16324,3,2020,17,Q1,3/17/2020
Foot Locker,Northeast,New York,New York,Men's Apparel,43,306,526.32,Outlet,13158,1,2020,5,Q1,1/5/2020
Foot Locker,Northeast,New York,New York,Men's Apparel,43,306,526.32,Outlet,13158,1,2020,23,Q1,1/23/2020
Walmart,Northeast,New York,New York,Women's Athletic Footwear,34,306,416.16,Outlet,10404,4,2020,22,Q2,4/22/2020
Walmart,Northeast,New York,New York,Women's Athletic Footwear,41,306,501.84,Outlet,12546,5,2020,6,Q2,5/6/2020
Sports Direct,South,Texas,Houston,Men's Street Footwear,20,306,244.8,Outlet,6120,7,2020,31,Q3,7/31/2020
Sports Direct,South,Texas,Houston,Men's Street Footwear,23,306,281.52,Outlet,7038,8,2020,6,Q3,8/6/2020
Sports Direct,South,Texas,Houston,Men's Athletic Footwear,29,306,354.96,Outlet,8874,8,2020,7,Q3,8/7/2020
Walmart,South,Texas,Houston,Men's Athletic Footwear,31,306,379.44,Outlet,9486,10,2020,21,Q4,10/21/2020
Walmart,South,Texas,Houston,Women's Apparel,41,306,627.3,Outlet,12546,10,2020,31,Q4,10/31/2020
Foot Locker,Northeast,New York,New York,Women's Apparel,64,305,780.8,Online,19520,3,2020,9,Q1,3/9/2020
Walmart,South,Texas,Houston,Men's Street Footwear,27,305,329.4,Outlet,8235,8,2020,30,Q3,8/30/2020
Walmart,South,Texas,Houston,Men's Athletic Footwear,33,305,402.6,Outlet,10065,8,2020,31,Q3,8/31/2020
West Gear,Southeast,Florida,Miami,Men's Street Footwear,60,304,1094.4,Online,18240,9,2020,17,Q3,9/17/2020
Walmart,South,Texas,Houston,Women's Apparel,36,302,543.6,Outlet,10872,8,2020,29,Q3,8/29/2020
Foot Locker,Northeast,New York,New York,Men's Street Footwear,45,300,810,Online,13500,1,2020,31,Q1,1/31/2020
Walmart,Northeast,New York,New York,Men's Athletic Footwear,51,300,612,Online,15300,5,2020,4,Q2,5/4/2020
West Gear,Southeast,Florida,Miami,Men's Street Footwear,52,300,936,Online,15600,4,2020,24,Q2,4/24/2020
Walmart,Northeast,New York,New York,Men's Street Footwear,60,299,1076.4,Online,17940,4,2020,27,Q2,4/27/2020
West Gear,Southeast,Florida,Miami,Men's Street Footwear,60,299,1076.4,Online,17940,9,2020,11,Q3,9/11/2020
Walmart,South,Texas,Houston,Women's Apparel,42,298,750.96,Outlet,12516,9,2020,10,Q3,9/10/2020
Walmart,South,Texas,Houston,Women's Street Footwear,38,298,452.96,Outlet,11324,10,2020,28,Q4,10/28/2020
Walmart,South,Texas,Houston,Women's Street Footwear,39,297,579.15,Online,11583,9,2020,1,Q3,9/1/2020
Foot Locker,Northeast,New York,New York,Women's Athletic Footwear,38,297,451.44,Outlet,11286,3,2020,7,Q1,3/7/2020
Foot Locker,Northeast,New York,New York,Men's Athletic Footwear,37,296,328.56,Outlet,10952,2,2020,7,Q1,2/7/2020
Foot Locker,Northeast,New York,New York,Women's Street Footwear,37,296,438.08,Outlet,10952,3,2020,6,Q1,3/6/2020
Foot Locker,Northeast,New York,New York,Women's Street Footwear,35,295,413,Outlet,10325,3,2020,12,Q1,3/12/2020
Walmart,South,Texas,Houston,Women's Apparel,32,295,566.4,Outlet,9440,8,2020,17,Q3,8/17/2020
Walmart,South,Texas,Houston,Men's Street Footwear,28,295,330.4,Outlet,8260,8,2020,18,Q3,8/18/2020
Walmart,South,Texas,Houston,Men's Street Footwear,29,295,342.2,Outlet,8555,8,2020,24,Q3,8/24/2020
Walmart,Northeast,New York,New York,Women's Street Footwear,43,294,505.68,Outlet,12642,4,2020,29,Q2,4/29/2020
Walmart,South,Texas,Houston,Women's Apparel,47,293,826.26,Online,13771,8,2020,29,Q3,8/29/2020
Foot Locker,Northeast,New York,New York,Women's Apparel,48,290,556.8,Online,13920,1,2020,24,Q1,1/24/2020
Foot Locker,Northeast,New York,New York,Women's Apparel,59,290,684.4,Online,17110,3,2020,3,Q1,3/3/2020
Walmart,Northeast,New York,New York,Women's Apparel,62,290,719.2,Online,17980,4,2020,18,Q2,4/18/2020
Walmart,Northeast,New York,New York,Women's Apparel,68,290,788.8,Online,19720,4,2020,26,Q2,4/26/2020
Walmart,Northeast,New York,New York,Women's Apparel,68,290,591.6,Online,19720,7,2020,18,Q3,7/18/2020
West Gear,Southeast,Florida,Miami,Men's Street Footwear,55,290,957,Online,15950,4,2020,24,Q2,4/24/2020
Foot Locker,Northeast,New York,New York,Men's Apparel,43,289,372.81,Outlet,12427,1,2020,29,Q1,1/29/2020
Foot Locker,Northeast,New York,New York,Women's Athletic Footwear,31,289,358.36,Outlet,8959,2,2020,3,Q1,2/3/2020
Foot Locker,Northeast,New York,New York,Women's Athletic Footwear,33,289,381.48,Outlet,9537,2,2020,9,Q1,2/9/2020
Walmart,Northeast,New York,New York,Men's Apparel,51,289,442.17,Outlet,14739,4,2020,25,Q2,4/25/2020
Sports Direct,South,Texas,Houston,Men's Athletic Footwear,23,289,265.88,Outlet,6647,7,2020,26,Q3,7/26/2020
Walmart,South,Texas,Houston,Women's Apparel,44,289,762.96,Outlet,12716,10,2020,25,Q4,10/25/2020
West Gear,West,California,San Francisco,Men's Street Footwear,28,289,323.68,Outlet,8092,11,2020,7,Q4,11/7/2020
Foot Locker,Northeast,New York,New York,Women's Street Footwear,36,288,414.72,Outlet,10368,2,2020,8,Q1,2/8/2020
Foot Locker,Northeast,New York,New York,Men's Apparel,45,288,388.8,Outlet,12960,3,2020,8,Q1,3/8/2020
Walmart,South,Texas,Houston,Men's Athletic Footwear,30,287,344.4,Outlet,8610,8,2020,13,Q3,8/13/2020
Foot Locker,Northeast,New York,New York,Women's Apparel,61,286,697.84,Online,17446,3,2020,15,Q1,3/15/2020
Walmart,Northeast,New York,New York,Women's Street Footwear,54,285,769.5,Online,15390,5,2020,5,Q2,5/5/2020
Walmart,South,Texas,Houston,Men's Athletic Footwear,44,285,627,Online,12540,10,2020,27,Q4,10/27/2020
Walmart,South,Texas,Houston,Men's Athletic Footwear,32,285,364.8,Outlet,9120,8,2020,25,Q3,8/25/2020
Foot Locker,Southeast,Florida,Miami,Men's Street Footwear,53,284,903.12,Online,15052,9,2020,23,Q3,9/23/2020
Foot Locker,Northeast,New York,New York,Women's Athletic Footwear,36,281,404.64,Outlet,10116,1,2020,4,Q1,1/4/2020
Foot Locker,Northeast,New York,New York,Men's Apparel,44,281,494.56,Outlet,12364,2,2020,4,Q1,2/4/2020
Walmart,South,Texas,Houston,Women's Street Footwear,34,281,382.16,Outlet,9554,10,2020,22,Q4,10/22/2020
Walmart,Northeast,New York,New York,Women's Apparel,59,280,660.8,Online,16520,4,2020,24,Q2,4/24/2020
Foot Locker,Northeast,New York,New York,Men's Apparel,47,280,526.4,Outlet,13160,2,2020,10,Q1,2/10/2020
Walmart,Northeast,New York,New York,Men's Apparel,47,280,526.4,Outlet,13160,5,2020,1,Q2,5/1/2020
Walmart,Northeast,New York,New York,Men's Apparel,43,279,359.91,Outlet,11997,4,2020,17,Q2,4/17/2020
Walmart,Northeast,New York,New York,Men's Apparel,48,279,535.68,Outlet,13392,5,2020,7,Q2,5/7/2020
Foot Locker,Northeast,New York,New York,Women's Street Footwear,46,278,639.4,Online,12788,3,2020,6,Q1,3/6/2020
Foot Locker,Southeast,Florida,Miami,Women's Apparel,56,278,934.08,Online,15568,9,2020,22,Q3,9/22/2020
Foot Locker,Northeast,New York,New York,Men's Apparel,46,278,383.64,Outlet,12788,3,2020,14,Q1,3/14/2020
Foot Locker,Northeast,New York,New York,Women's Street Footwear,36,276,496.8,Online,9936,1,2020,21,Q1,1/21/2020
Walmart,South,Texas,Houston,Women's Apparel,37,276,612.72,Online,10212,8,2020,17,Q3,8/17/2020
Walmart,Northeast,New York,New York,Men's Athletic Footwear,53,273,578.76,Online,14469,4,2020,28,Q2,4/28/2020
Foot Locker,West,Washington,Seattle,Men's Street Footwear,44,273,720.72,Online,12012,8,2020,6,Q3,8/6/2020
Walmart,South,Texas,Houston,Women's Apparel,27,272,440.64,Outlet,7344,8,2020,11,Q3,8/11/2020
Walmart,South,Texas,Houston,Men's Street Footwear,31,272,337.28,Outlet,8432,9,2020,11,Q3,9/11/2020
West Gear,West,California,San Francisco,Men's Street Footwear,36,272,391.68,Outlet,9792,11,2020,13,Q4,11/13/2020
West Gear,South,Texas,Houston,Women's Street Footwear,33,271,357.72,Outlet,8943,11,2020,3,Q4,11/3/2020
West Gear,West,California,San Francisco,Men's Street Footwear,40,271,433.6,Outlet,10840,12,2020,25,Q4,12/25/2020
Foot Locker,Northeast,New York,New York,Men's Athletic Footwear,54,270,583.2,Online,14580,3,2020,5,Q1,3/5/2020
Walmart,Northeast,New York,New York,Men's Apparel,54,270,583.2,Online,14580,4,2020,17,Q2,4/17/2020
Walmart,Northeast,New York,New York,Men's Athletic Footwear,50,270,540,Online,13500,4,2020,20,Q2,4/20/2020
Sports Direct,Southeast,Florida,Miami,Men's Street Footwear,56,270,907.2,Online,15120,9,2020,29,Q3,9/29/2020
Foot Locker,Northeast,New York,New York,Women's Athletic Footwear,35,270,378,Outlet,9450,3,2020,13,Q1,3/13/2020
Walmart,Northeast,New York,New York,Women's Athletic Footwear,41,270,442.8,Outlet,11070,4,2020,30,Q2,4/30/2020
Sports Direct,Northeast,New York,New York,Men's Street Footwear,20,270,216,Outlet,5400,7,2020,19,Q3,7/19/2020
Sports Direct,Northeast,New York,New York,Men's Athletic Footwear,26,270,280.8,Outlet,7020,7,2020,20,Q3,7/20/2020
Walmart,South,Texas,Houston,Women's Apparel,39,270,526.5,Outlet,10530,9,2020,4,Q3,9/4/2020
Walmart,South,Texas,Houston,Men's Street Footwear,34,270,367.2,Outlet,9180,10,2020,20,Q4,10/20/2020
West Gear,West,California,San Francisco,Men's Street Footwear,44,270,475.2,Outlet,11880,12,2020,31,Q4,12/31/2020
Walmart,Northeast,New York,New York,Women's Street Footwear,47,268,629.8,Online,12596,4,2020,21,Q2,4/21/2020
Walmart,South,Texas,Houston,Men's Street Footwear,29,268,388.6,Online,7772,8,2020,12,Q3,8/12/2020
Walmart,South,Texas,Houston,Men's Street Footwear,37,268,495.8,Online,9916,8,2020,30,Q3,8/30/2020
Foot Locker,Southeast,Florida,Miami,Men's Street Footwear,41,268,659.28,Online,10988,8,2020,18,Q3,8/18/2020
Foot Locker,Northeast,New York,New York,Men's Athletic Footwear,53,267,566.04,Online,14151,3,2020,11,Q1,3/11/2020
Walmart,South,Texas,Houston,Women's Street Footwear,27,264,285.12,Outlet,7128,8,2020,20,Q3,8/20/2020
Walmart,South,Texas,Houston,Men's Street Footwear,33,264,348.48,Outlet,8712,9,2020,5,Q3,9/5/2020
West Gear,South,Texas,Houston,Men's Street Footwear,30,264,316.8,Outlet,7920,11,2020,1,Q4,11/1/2020
Walmart,Northeast,New York,New York,Women's Apparel,66,263,694.32,Online,17358,5,2020,2,Q2,5/2/2020
Sports Direct,South,Texas,Houston,Men's Athletic Footwear,30,263,315.6,Outlet,7890,8,2020,1,Q3,8/1/2020
Walmart,South,Texas,Houston,Women's Athletic Footwear,26,263,341.9,Outlet,6838,8,2020,21,Q3,8/21/2020
Foot Locker,Northeast,New York,New York,Men's Athletic Footwear,46,261,480.24,Online,12006,1,2020,8,Q1,1/8/2020
Foot Locker,Northeast,New York,New York,Women's Street Footwear,46,261,600.3,Online,12006,2,2020,8,Q1,2/8/2020
Foot Locker,Northeast,New York,New York,Women's Athletic Footwear,47,261,490.68,Online,12267,3,2020,7,Q1,3/7/2020
Walmart,Northeast,New York,New York,Men's Apparel,60,261,626.4,Online,15660,5,2020,7,Q2,5/7/2020
Walmart,South,Texas,Houston,Women's Apparel,53,261,829.98,Online,13833,10,2020,31,Q4,10/31/2020
Foot Locker,Northeast,New York,New York,Men's Athletic Footwear,47,260,488.8,Online,12220,1,2020,2,Q1,1/2/2020
Foot Locker,Northeast,New York,New York,Women's Apparel,46,260,478.4,Online,11960,1,2020,6,Q1,1/6/2020
Foot Locker,Northeast,New York,New York,Men's Athletic Footwear,48,259,497.28,Online,12432,1,2020,26,Q1,1/26/2020
Foot Locker,Northeast,New York,New York,Men's Athletic Footwear,50,259,518,Online,12950,2,2020,7,Q1,2/7/2020
Walmart,South,Texas,Houston,Men's Athletic Footwear,38,259,492.1,Online,9842,8,2020,13,Q3,8/13/2020
Walmart,South,Texas,Houston,Men's Athletic Footwear,41,259,530.95,Online,10619,8,2020,31,Q3,8/31/2020
West Gear,Southeast,Florida,Miami,Women's Apparel,63,259,1142.19,Online,16317,9,2020,10,Q3,9/10/2020
Walmart,Northeast,New York,New York,Women's Street Footwear,52,258,670.8,Online,13416,4,2020,29,Q2,4/29/2020
Foot Locker,Northeast,New York,New York,Women's Street Footwear,45,257,578.25,Online,11565,3,2020,18,Q1,3/18/2020
Foot Locker,Southeast,Florida,Miami,Men's Street Footwear,42,256,645.12,Online,10752,4,2020,24,Q2,4/24/2020
Sports Direct,South,Texas,Houston,Men's Athletic Footwear,33,255,420.75,Online,8415,7,2020,26,Q3,7/26/2020
Walmart,South,Texas,Houston,Men's Street Footwear,44,255,561,Online,11220,9,2020,5,Q3,9/5/2020
Walmart,South,Texas,Houston,Women's Street Footwear,47,255,599.25,Online,11985,10,2020,28,Q4,10/28/2020
Foot Locker,Southeast,Florida,Miami,Men's Athletic Footwear,46,255,586.5,Online,11730,9,2020,24,Q3,9/24/2020
Sports Direct,South,Texas,Houston,Men's Street Footwear,20,255,204,Outlet,5100,7,2020,25,Q3,7/25/2020
Walmart,South,Texas,Houston,Men's Athletic Footwear,32,255,326.4,Outlet,8160,9,2020,6,Q3,9/6/2020
Walmart,South,Texas,Houston,Women's Street Footwear,39,255,397.8,Outlet,9945,9,2020,13,Q3,9/13/2020
Walmart,Northeast,New York,New York,Men's Apparel,64,254,650.24,Online,16256,5,2020,1,Q2,5/1/2020
Sports Direct,South,Texas,Houston,Men's Street Footwear,29,254,294.64,Online,7366,7,2020,31,Q3,7/31/2020
Sports Direct,Southeast,Florida,Miami,Men's Athletic Footwear,51,254,647.7,Online,12954,5,2020,24,Q2,5/24/2020
West Gear,West,California,San Francisco,Women's Street Footwear,46,254,467.36,Outlet,11684,12,2020,27,Q4,12/27/2020
Foot Locker,Northeast,New York,New York,Women's Street Footwear,39,252,491.4,Online,9828,2,2020,2,Q1,2/2/2020
Foot Locker,Northeast,New York,New York,Men's Apparel,55,252,693,Online,13860,3,2020,8,Q1,3/8/2020
Walmart,Northeast,New York,New York,Women's Athletic Footwear,47,252,592.2,Online,11844,4,2020,22,Q2,4/22/2020
Walmart,Northeast,New York,New York,Men's Apparel,58,252,584.64,Online,14616,4,2020,23,Q2,4/23/2020
Walmart,Northeast,New York,New York,Women's Athletic Footwear,50,252,630,Online,12600,4,2020,30,Q2,4/30/2020
West Gear,West,California,San Francisco,Men's Street Footwear,56,252,705.6,Online,14112,12,2020,31,Q4,12/31/2020
West Gear,Southeast,Florida,Miami,Men's Athletic Footwear,55,252,693,Online,13860,9,2020,18,Q3,9/18/2020
Foot Locker,Southeast,Florida,Miami,Men's Athletic Footwear,35,250,2625,In-store,8750,10,2020,18,Q4,10/18/2020
Foot Locker,Southeast,Florida,Miami,Women's Street Footwear,25,250,1875,In-store,6250,10,2020,19,Q4,10/19/2020
Foot Locker,Midwest,Minnesota,Minneapolis,Women's Apparel,35,250,3937.5,In-store,8750,10,2020,22,Q4,10/22/2020
Foot Locker,Northeast,New York,New York,Women's Street Footwear,36,250,450,Online,9000,1,2020,3,Q1,1/3/2020
Walmart,South,Texas,Houston,Women's Apparel,47,250,705,Online,11750,8,2020,23,Q3,8/23/2020
West Gear,Southeast,Florida,Miami,Women's Apparel,64,248,952.32,Online,15872,4,2020,24,Q2,4/24/2020
Sports Direct,Southeast,Florida,Miami,Women's Street Footwear,52,248,515.84,Online,12896,5,2020,24,Q2,5/24/2020
Foot Locker,Northeast,New York,New York,Women's Athletic Footwear,32,248,317.44,Outlet,7936,1,2020,22,Q1,1/22/2020
Walmart,South,Texas,Houston,Men's Athletic Footwear,29,248,287.68,Outlet,7192,9,2020,12,Q3,9/12/2020
West Gear,South,Texas,Houston,Men's Athletic Footwear,33,248,163.68,Outlet,8184,11,2020,2,Q4,11/2/2020
Foot Locker,Northeast,New York,New York,Women's Athletic Footwear,41,247,506.35,Online,10127,1,2020,4,Q1,1/4/2020
Foot Locker,Northeast,New York,New York,Women's Street Footwear,39,247,481.65,Online,9633,1,2020,27,Q1,1/27/2020
Foot Locker,Northeast,New York,New York,Women's Street Footwear,46,247,454.48,Online,11362,3,2020,12,Q1,3/12/2020
Walmart,South,Texas,Houston,Women's Apparel,51,247,755.82,Online,12597,10,2020,25,Q4,10/25/2020
Foot Locker,Southeast,Florida,Miami,Women's Apparel,41,247,607.62,Online,10127,8,2020,11,Q3,8/11/2020
West Gear,West,California,San Francisco,Women's Street Footwear,40,247,395.2,Outlet,9880,11,2020,9,Q4,11/9/2020
Foot Locker,Northeast,New York,New York,Men's Apparel,59,245,578.2,Online,14455,2,2020,10,Q1,2/10/2020
Walmart,South,Texas,Houston,Women's Athletic Footwear,31,245,379.75,Outlet,7595,8,2020,15,Q3,8/15/2020
West Gear,West,California,San Francisco,Women's Apparel,41,245,200.9,Outlet,10045,12,2020,24,Q4,12/24/2020
West Gear,West,California,San Francisco,Women's Apparel,62,245,303.8,Outlet,15190,12,2020,30,Q4,12/30/2020
West Gear,West,Nevada,Las Vegas,Men's Street Footwear,47,245,575.75,Outlet,11515,2,2020,1,Q1,2/1/2020
West Gear,Southeast,Florida,Miami,Women's Apparel,67,244,1144.36,Online,16348,9,2020,16,Q3,9/16/2020
Sports Direct,Southeast,Florida,Miami,Men's Street Footwear,56,244,819.84,Online,13664,10,2020,5,Q4,10/5/2020
Foot Locker,Northeast,New York,New York,Men's Apparel,58,243,563.76,Online,14094,1,2020,23,Q1,1/23/2020
Foot Locker,Northeast,New York,New York,Women's Athletic Footwear,46,243,558.9,Online,11178,3,2020,13,Q1,3/13/2020
Walmart,South,Texas,Houston,Men's Athletic Footwear,43,243,522.45,Online,10449,10,2020,21,Q4,10/21/2020
Foot Locker,Northeast,New York,New York,Women's Athletic Footwear,47,241,566.35,Online,11327,3,2020,31,Q1,3/31/2020
Walmart,South,Texas,Houston,Men's Street Footwear,44,240,528,Online,10560,9,2020,11,Q3,9/11/2020
Foot Locker,Southeast,Florida,Miami,Women's Street Footwear,32,240,307.2,Online,7680,8,2020,14,Q3,8/14/2020
Foot Locker,Northeast,New York,New York,Women's Athletic Footwear,31,240,297.6,Outlet,7440,1,2020,28,Q1,1/28/2020
Walmart,South,Texas,Houston,Women's Street Footwear,23,240,220.8,Outlet,5520,8,2020,14,Q3,8/14/2020
Foot Locker,Northeast,New York,New York,Women's Athletic Footwear,41,239,489.95,Online,9799,2,2020,3,Q1,2/3/2020
West Gear,West,Washington,Seattle,Men's Street Footwear,73,239,697.88,Online,17447,7,2020,1,Q3,7/1/2020
West Gear,West,California,San Francisco,Men's Athletic Footwear,36,239,172.08,Outlet,8604,11,2020,8,Q4,11/8/2020
Foot Locker,Northeast,New York,New York,Women's Apparel,45,238,428.4,Online,10710,1,2020,30,Q1,1/30/2020
Foot Locker,Northeast,New York,New York,Women's Apparel,49,238,466.48,Online,11662,2,2020,5,Q1,2/5/2020
Walmart,South,Texas,Houston,Men's Street Footwear,39,238,464.1,Online,9282,8,2020,18,Q3,8/18/2020
Walmart,South,Texas,Houston,Men's Athletic Footwear,42,238,499.8,Online,9996,8,2020,19,Q3,8/19/2020
Walmart,South,Texas,Houston,Men's Street Footwear,37,238,352.24,Online,8806,8,2020,24,Q3,8/24/2020
Walmart,South,Texas,Houston,Men's Athletic Footwear,42,238,499.8,Online,9996,8,2020,25,Q3,8/25/2020
Walmart,South,Texas,Houston,Men's Street Footwear,41,238,487.9,Online,9758,10,2020,26,Q4,10/26/2020
Sports Direct,Northeast,New York,New York,Women's Street Footwear,27,238,257.04,Outlet,6426,7,2020,21,Q3,7/21/2020
West Gear,West,Nevada,Las Vegas,Men's Street Footwear,44,238,523.6,Outlet,10472,2,2020,13,Q1,2/13/2020
Walmart,Northeast,New York,New York,Men's Apparel,64,236,604.16,Online,15104,4,2020,25,Q2,4/25/2020
Sports Direct,South,Texas,Houston,Men's Athletic Footwear,39,236,368.16,Online,9204,8,2020,1,Q3,8/1/2020
Sports Direct,South,Texas,Houston,Women's Street Footwear,27,236,254.88,Outlet,6372,7,2020,27,Q3,7/27/2020
Foot Locker,Northeast,New York,New York,Men's Apparel,55,234,514.8,Online,12870,1,2020,5,Q1,1/5/2020
Foot Locker,Northeast,New York,New York,Men's Athletic Footwear,47,234,439.92,Online,10998,2,2020,1,Q1,2/1/2020
Sports Direct,Northeast,New York,New York,Men's Street Footwear,24,234,280.8,Online,5616,7,2020,19,Q3,7/19/2020
Sports Direct,South,Texas,Houston,Men's Street Footwear,27,234,315.9,Online,6318,8,2020,6,Q3,8/6/2020
Walmart,South,Texas,Houston,Women's Street Footwear,46,234,538.2,Online,10764,9,2020,7,Q3,9/7/2020
Walmart,South,Texas,Houston,Men's Street Footwear,43,234,503.1,Online,10062,10,2020,20,Q4,10/20/2020
West Gear,West,California,San Francisco,Women's Apparel,49,233,228.34,Online,11417,11,2020,6,Q4,11/6/2020
West Gear,Southeast,Florida,Miami,Men's Apparel,62,233,722.3,Online,14446,9,2020,9,Q3,9/9/2020
West Gear,Southeast,Florida,Miami,Women's Athletic Footwear,53,233,493.96,Online,12349,9,2020,14,Q3,9/14/2020
Foot Locker,Southeast,Florida,Miami,Women's Athletic Footwear,44,233,410.08,Online,10252,9,2020,20,Q3,9/20/2020
Walmart,South,Texas,Houston,Women's Apparel,43,233,500.95,Outlet,10019,9,2020,16,Q3,9/16/2020
West Gear,West,California,San Francisco,Women's Apparel,36,233,167.76,Outlet,8388,11,2020,6,Q4,11/6/2020
West Gear,West,Nevada,Las Vegas,Men's Street Footwear,48,233,447.36,Outlet,11184,2,2020,7,Q1,2/7/2020
Walmart,South,Texas,Houston,Women's Apparel,39,232,542.88,Online,9048,8,2020,11,Q3,8/11/2020
Walmart,South,Texas,Houston,Women's Street Footwear,37,232,429.2,Online,8584,8,2020,20,Q3,8/20/2020
Sports Direct,South,Texas,Houston,Women's Street Footwear,24,232,222.72,Outlet,5568,8,2020,8,Q3,8/8/2020
Foot Locker,Northeast,New York,New York,Men's Apparel,58,231,535.92,Online,13398,3,2020,14,Q1,3/14/2020
West Gear,Southeast,Florida,Miami,Women's Street Footwear,53,231,489.72,Online,12243,9,2020,19,Q3,9/19/2020
Sports Direct,South,Texas,Houston,Women's Apparel,26,231,300.3,Outlet,6006,7,2020,30,Q3,7/30/2020
West Gear,West,California,San Francisco,Men's Athletic Footwear,39,231,180.18,Outlet,9009,11,2020,14,Q4,11/14/2020
Foot Locker,Northeast,New York,New York,Men's Apparel,59,230,542.8,Online,13570,1,2020,29,Q1,1/29/2020
Foot Locker,Northeast,New York,New York,Women's Athletic Footwear,46,230,529,Online,10580,2,2020,9,Q1,2/9/2020
West Gear,West,California,San Francisco,Men's Street Footwear,49,230,450.8,Online,11270,11,2020,13,Q4,11/13/2020
Foot Locker,West,Washington,Seattle,Women's Street Footwear,34,230,312.8,Online,7820,8,2020,8,Q3,8/8/2020
Walmart,South,Texas,Houston,Women's Athletic Footwear,36,230,414,Outlet,8280,10,2020,23,Q4,10/23/2020
West Gear,West,California,San Francisco,Men's Street Footwear,56,228,638.4,Online,12768,12,2020,25,Q4,12/25/2020
Sports Direct,South,Texas,Houston,Women's Apparel,29,228,396.72,Outlet,6612,8,2020,5,Q3,8/5/2020
Walmart,South,Texas,Houston,Men's Apparel,35,228,239.4,Outlet,7980,9,2020,3,Q3,9/3/2020
Foot Locker,Midwest,Minnesota,Minneapolis,Women's Apparel,35,225,3543.75,In-store,7875,10,2020,28,Q4,10/28/2020
Foot Locker,Midwest,Minnesota,Minneapolis,Women's Street Footwear,40,225,2700,Outlet,9000,11,2020,24,Q4,11/24/2020
Foot Locker,Midwest,Minnesota,Minneapolis,Women's Street Footwear,40,225,2700,Outlet,9000,11,2020,30,Q4,11/30/2020
Walmart,Northeast,New York,New York,Women's Athletic Footwear,54,225,607.5,Online,12150,5,2020,6,Q2,5/6/2020
Sports Direct,Northeast,New York,New York,Men's Athletic Footwear,34,225,382.5,Online,7650,7,2020,20,Q3,7/20/2020
Sports Direct,South,Texas,Houston,Men's Athletic Footwear,38,225,427.5,Online,8550,8,2020,7,Q3,8/7/2020
Walmart,South,Texas,Houston,Women's Street Footwear,33,225,371.25,Online,7425,8,2020,14,Q3,8/14/2020
Walmart,South,Texas,Houston,Women's Apparel,46,225,724.5,Online,10350,9,2020,4,Q3,9/4/2020
Foot Locker,Southeast,Florida,Miami,Men's Athletic Footwear,42,225,472.5,Online,9450,8,2020,19,Q3,8/19/2020
Foot Locker,Southeast,Florida,Miami,Women's Apparel,42,225,567,Online,9450,8,2020,23,Q3,8/23/2020
West Gear,Southeast,Florida,Miami,Men's Athletic Footwear,57,225,641.25,Online,12825,9,2020,12,Q3,9/12/2020
Foot Locker,Southeast,Florida,Miami,Men's Apparel,52,225,585,Online,11700,9,2020,21,Q3,9/21/2020
Sports Direct,Southeast,Florida,Miami,Women's Street Footwear,41,225,369,Online,9225,9,2020,25,Q3,9/25/2020
Sports Direct,Southeast,Florida,Miami,Men's Athletic Footwear,49,224,548.8,Online,10976,10,2020,6,Q4,10/6/2020
Sports Direct,Southeast,Florida,Miami,Women's Street Footwear,46,224,412.16,Online,10304,10,2020,7,Q4,10/7/2020
Sports Direct,South,Texas,Houston,Women's Apparel,25,224,336,Outlet,5600,7,2020,24,Q3,7/24/2020
Sports Direct,South,Texas,Houston,Women's Street Footwear,23,224,206.08,Outlet,5152,8,2020,2,Q3,8/2/2020
Walmart,South,Texas,Houston,Women's Athletic Footwear,28,224,313.6,Outlet,6272,8,2020,27,Q3,8/27/2020
West Gear,West,California,San Francisco,Men's Street Footwear,37,223,412.55,Online,8251,11,2020,7,Q4,11/7/2020
Sports Direct,Southeast,Florida,Miami,Women's Apparel,55,223,735.9,Online,12265,9,2020,28,Q3,9/28/2020
Sports Direct,Southeast,Florida,Miami,Women's Apparel,59,223,789.42,Online,13157,10,2020,4,Q4,10/4/2020
Foot Locker,West,Washington,Seattle,Men's Athletic Footwear,41,221,453.05,Online,9061,8,2020,7,Q3,8/7/2020
Foot Locker,Southeast,Florida,Miami,Women's Apparel,41,221,634.27,Online,9061,8,2020,17,Q3,8/17/2020
Walmart,South,Texas,Houston,Men's Apparel,29,221,192.27,Outlet,6409,8,2020,22,Q3,8/22/2020
Foot Locker,Southeast,Florida,Miami,Women's Apparel,64,219,840.96,Online,14016,5,2020,24,Q2,5/24/2020
West Gear,South,Texas,Houston,Women's Athletic Footwear,35,219,306.6,Outlet,7665,11,2020,4,Q4,11/4/2020
West Gear,West,Nevada,Las Vegas,Men's Street Footwear,58,218,632.2,Online,12644,2,2020,7,Q1,2/7/2020
Foot Locker,Southeast,Florida,Miami,Men's Apparel,53,218,577.7,Online,11554,8,2020,16,Q3,8/16/2020
West Gear,South,Texas,Houston,Women's Street Footwear,46,217,399.28,Online,9982,11,2020,3,Q4,11/3/2020
West Gear,West,Washington,Seattle,Men's Street Footwear,80,217,694.4,Online,17360,7,2020,7,Q3,7/7/2020
Foot Locker,Southeast,Florida,Miami,Women's Street Footwear,32,217,208.32,Online,6944,8,2020,20,Q3,8/20/2020
West Gear,Southeast,Florida,Miami,Women's Athletic Footwear,47,217,407.96,Online,10199,9,2020,8,Q3,9/8/2020
Walmart,South,Texas,Houston,Men's Apparel,33,217,286.44,Outlet,7161,8,2020,28,Q3,8/28/2020
Foot Locker,Northeast,New York,New York,Women's Athletic Footwear,43,216,464.4,Online,9288,1,2020,28,Q1,1/28/2020
Walmart,South,Texas,Houston,Men's Athletic Footwear,43,216,464.4,Online,9288,9,2020,12,Q3,9/12/2020
West Gear,West,California,San Francisco,Men's Athletic Footwear,51,216,220.32,Outlet,11016,12,2020,26,Q4,12/26/2020
West Gear,West,Nevada,Las Vegas,Men's Street Footwear,47,216,406.08,Outlet,10152,3,2020,9,Q1,3/9/2020
Foot Locker,Northeast,New York,New York,Men's Apparel,56,215,481.6,Online,12040,2,2020,4,Q1,2/4/2020
West Gear,Southeast,Florida,Miami,Women's Street Footwear,50,215,430,Online,10750,9,2020,13,Q3,9/13/2020
Sports Direct,Southeast,Florida,Miami,Men's Athletic Footwear,47,215,505.25,Online,10105,9,2020,30,Q3,9/30/2020
Walmart,South,Texas,Houston,Women's Athletic Footwear,30,215,322.5,Outlet,6450,9,2020,2,Q3,9/2/2020
Sports Direct,South,Texas,Houston,Men's Street Footwear,23,213,244.95,Online,4899,7,2020,25,Q3,7/25/2020
Walmart,South,Texas,Houston,Men's Athletic Footwear,41,213,436.65,Online,8733,9,2020,6,Q3,9/6/2020
Walmart,South,Texas,Houston,Women's Apparel,50,213,639,Online,10650,9,2020,10,Q3,9/10/2020
Sports Direct,Southeast,Florida,Miami,Women's Apparel,64,213,817.92,Online,13632,10,2020,10,Q4,10/10/2020
Sports Direct,South,Texas,Houston,Women's Athletic Footwear,26,213,276.9,Outlet,5538,7,2020,28,Q3,7/28/2020
Sports Direct,South,Texas,Houston,Women's Athletic Footwear,28,213,298.2,Outlet,5964,8,2020,9,Q3,8/9/2020
Sports Direct,Northeast,New York,New York,Women's Street Footwear,33,210,346.5,Online,6930,7,2020,21,Q3,7/21/2020
Walmart,South,Texas,Houston,Women's Athletic Footwear,36,210,453.6,Online,7560,8,2020,27,Q3,8/27/2020
Walmart,South,Texas,Houston,Women's Apparel,53,210,667.8,Online,11130,9,2020,16,Q3,9/16/2020
West Gear,West,California,San Francisco,Men's Athletic Footwear,49,210,308.7,Online,10290,11,2020,8,Q4,11/8/2020
West Gear,West,California,San Francisco,Women's Apparel,54,210,340.2,Online,11340,12,2020,24,Q4,12/24/2020
West Gear,West,California,San Francisco,Women's Street Footwear,64,210,672,Online,13440,12,2020,27,Q4,12/27/2020
West Gear,West,Nevada,Las Vegas,Men's Street Footwear,62,210,651,Online,13020,2,2020,13,Q1,2/13/2020
West Gear,West,Washington,Seattle,Men's Athletic Footwear,77,210,646.8,Online,16170,7,2020,8,Q3,7/8/2020
Foot Locker,Southeast,Florida,Miami,Men's Athletic Footwear,41,210,430.5,Online,8610,4,2020,24,Q2,4/24/2020
Sports Direct,Southeast,Florida,Miami,Women's Athletic Footwear,42,210,352.8,Online,8820,9,2020,26,Q3,9/26/2020
Sports Direct,Southeast,Florida,Miami,Men's Apparel,50,210,525,Online,10500,9,2020,27,Q3,9/27/2020
Sports Direct,Northeast,New York,New York,Women's Athletic Footwear,27,210,283.5,Outlet,5670,7,2020,22,Q3,7/22/2020
Walmart,South,Texas,Houston,Women's Athletic Footwear,36,210,378,Outlet,7560,10,2020,29,Q4,10/29/2020
West Gear,West,California,San Francisco,Women's Apparel,33,210,138.6,Outlet,6930,11,2020,12,Q4,11/12/2020
West Gear,West,California,San Francisco,Women's Street Footwear,47,210,394.8,Outlet,9870,11,2020,15,Q4,11/15/2020
West Gear,South,Texas,Houston,Men's Street Footwear,37,209,386.65,Online,7733,11,2020,1,Q4,11/1/2020
Sports Direct,Southeast,Florida,Miami,Women's Athletic Footwear,54,209,451.44,Online,11286,5,2020,24,Q2,5/24/2020
West Gear,West,Nevada,Las Vegas,Men's Athletic Footwear,50,209,209,Outlet,10450,3,2020,10,Q1,3/10/2020
West Gear,Southeast,Florida,Miami,Women's Apparel,44,208,549.12,Online,9152,4,2020,24,Q2,4/24/2020
West Gear,Southeast,Florida,Miami,Women's Street Footwear,49,208,407.68,Online,10192,9,2020,7,Q3,9/7/2020
West Gear,Southeast,Florida,Miami,Men's Apparel,61,208,634.4,Online,12688,9,2020,15,Q3,9/15/2020
Walmart,South,Texas,Houston,Men's Apparel,30,208,249.6,Outlet,6240,10,2020,30,Q4,10/30/2020
West Gear,West,Nevada,Las Vegas,Men's Athletic Footwear,56,208,349.44,Outlet,11648,2,2020,14,Q1,2/14/2020
Foot Locker,Northeast,New York,New York,Women's Athletic Footwear,44,206,453.2,Online,9064,1,2020,22,Q1,1/22/2020
Walmart,South,Texas,Houston,Women's Street Footwear,47,206,484.1,Online,9682,10,2020,22,Q4,10/22/2020
West Gear,Southeast,Florida,Miami,Men's Athletic Footwear,54,206,556.2,Online,11124,4,2020,24,Q2,4/24/2020
Walmart,South,Texas,Houston,Men's Apparel,36,206,296.64,Outlet,7416,9,2020,9,Q3,9/9/2020
Sports Direct,South,Texas,Houston,Women's Athletic Footwear,30,204,306,Outlet,6120,8,2020,3,Q3,8/3/2020
Walmart,South,Texas,Houston,Women's Athletic Footwear,36,204,367.2,Outlet,7344,9,2020,14,Q3,9/14/2020
West Gear,West,California,San Francisco,Women's Athletic Footwear,48,204,293.76,Outlet,9792,12,2020,22,Q4,12/22/2020
West Gear,West,Nevada,Las Vegas,Men's Athletic Footwear,46,204,281.52,Outlet,9384,2,2020,8,Q1,2/8/2020
Sports Direct,South,Texas,Houston,Women's Apparel,34,203,414.12,Online,6902,7,2020,24,Q3,7/24/2020
Sports Direct,South,Texas,Houston,Women's Street Footwear,34,203,345.1,Online,6902,8,2020,8,Q3,8/8/2020
Walmart,South,Texas,Houston,Women's Athletic Footwear,38,203,462.84,Online,7714,8,2020,21,Q3,8/21/2020
Walmart,South,Texas,Houston,Women's Athletic Footwear,48,203,584.64,Online,9744,10,2020,23,Q4,10/23/2020
West Gear,West,California,San Francisco,Women's Street Footwear,55,203,558.25,Online,11165,11,2020,15,Q4,11/15/2020
West Gear,West,California,San Francisco,Men's Athletic Footwear,62,203,377.58,Online,12586,12,2020,26,Q4,12/26/2020
West Gear,West,California,San Francisco,Women's Apparel,72,203,438.48,Online,14616,12,2020,30,Q4,12/30/2020
West Gear,West,Colorado,Denver,Men's Street Footwear,59,203,598.85,Online,11977,5,2020,20,Q2,5/20/2020
West Gear,Southeast,Florida,Miami,Women's Street Footwear,32,203,259.84,Online,6496,4,2020,24,Q2,4/24/2020
Sports Direct,Southeast,Florida,Miami,Women's Street Footwear,47,203,381.64,Online,9541,10,2020,1,Q4,10/1/2020
West Gear,West,Colorado,Denver,Men's Street Footwear,64,202,775.68,Online,12928,4,2020,20,Q2,4/20/2020
Sports Direct,Southeast,Florida,Miami,Women's Athletic Footwear,49,202,395.92,Online,9898,10,2020,8,Q4,10/8/2020
Foot Locker,Southeast,Florida,Miami,Men's Apparel,60,202,606,Online,12120,5,2020,24,Q2,5/24/2020
West Gear,West,Nevada,Las Vegas,Men's Athletic Footwear,52,201,209.04,Outlet,10452,3,2020,4,Q1,3/4/2020
West Gear,West,Colorado,Denver,Men's Apparel,45,200,4500,In-store,9000,3,2020,25,Q1,3/25/2020
Foot Locker,Midwest,Minnesota,Minneapolis,Women's Street Footwear,25,200,1500,In-store,5000,10,2020,25,Q4,10/25/2020
Foot Locker,Midwest,Minnesota,Minneapolis,Women's Apparel,40,200,3600,Outlet,8000,12,2020,9,Q4,12/9/2020
Foot Locker,Midwest,Minnesota,Minneapolis,Men's Athletic Footwear,35,200,2100,Outlet,7000,12,2020,11,Q4,12/11/2020
Foot Locker,Midwest,Minnesota,Minneapolis,Men's Athletic Footwear,40,200,2400,Outlet,8000,12,2020,17,Q4,12/17/2020
Walmart,South,Texas,Houston,Women's Athletic Footwear,37,200,370,Outlet,7400,9,2020,8,Q3,9/8/2020
Sports Direct,South,Texas,Houston,Women's Apparel,34,196,399.84,Online,6664,7,2020,30,Q3,7/30/2020
Walmart,South,Texas,Houston,Men's Apparel,41,196,321.44,Online,8036,8,2020,28,Q3,8/28/2020
West Gear,West,California,San Francisco,Women's Street Footwear,49,196,480.2,Online,9604,11,2020,9,Q4,11/9/2020
West Gear,West,Nevada,Las Vegas,Men's Street Footwear,58,196,568.4,Online,11368,3,2020,9,Q1,3/9/2020
West Gear,West,Colorado,Denver,Men's Street Footwear,63,196,740.88,Online,12348,4,2020,26,Q2,4/26/2020
West Gear,Southeast,Florida,Miami,Men's Apparel,52,196,509.6,Online,10192,4,2020,24,Q2,4/24/2020
West Gear,Southeast,Florida,Miami,Men's Apparel,58,196,568.4,Online,11368,4,2020,24,Q2,4/24/2020
West Gear,West,Nevada,Las Vegas,Men's Street Footwear,47,196,368.48,Outlet,9212,3,2020,3,Q1,3/3/2020
Walmart,South,Texas,Houston,Men's Apparel,42,195,409.5,Online,8190,10,2020,24,Q4,10/24/2020
West Gear,West,Washington,Seattle,Men's Street Footwear,71,195,553.8,Online,13845,6,2020,25,Q2,6/25/2020
West Gear,West,Washington,Seattle,Men's Athletic Footwear,77,195,600.6,Online,15015,8,2020,1,Q3,8/1/2020
Foot Locker,Southeast,Florida,Miami,Men's Apparel,50,195,487.5,Online,9750,8,2020,10,Q3,8/10/2020
Foot Locker,Southeast,Florida,Miami,Men's Athletic Footwear,43,195,419.25,Online,8385,8,2020,13,Q3,8/13/2020
Sports Direct,Southeast,Florida,Miami,Men's Apparel,64,195,624,Online,12480,10,2020,9,Q4,10/9/2020
Walmart,South,Texas,Houston,Men's Apparel,30,195,175.5,Outlet,5850,10,2020,24,Q4,10/24/2020
West Gear,South,Texas,Houston,Men's Athletic Footwear,49,194,285.18,Online,9506,11,2020,2,Q4,11/2/2020
West Gear,Southeast,Florida,Miami,Men's Athletic Footwear,54,194,523.8,Online,10476,4,2020,24,Q2,4/24/2020
West Gear,West,Nevada,Las Vegas,Men's Athletic Footwear,50,193,193,Outlet,9650,2,2020,26,Q1,2/26/2020
West Gear,West,Nevada,Las Vegas,Women's Apparel,57,192,328.32,Outlet,10944,2,2020,6,Q1,2/6/2020
West Gear,West,California,San Francisco,Women's Athletic Footwear,39,190,222.3,Outlet,7410,11,2020,10,Q4,11/10/2020
Sports Direct,South,Texas,Houston,Women's Apparel,39,189,442.26,Online,7371,8,2020,5,Q3,8/5/2020
Walmart,South,Texas,Houston,Women's Athletic Footwear,39,189,442.26,Online,7371,8,2020,15,Q3,8/15/2020
Walmart,South,Texas,Houston,Women's Athletic Footwear,38,189,430.92,Online,7182,9,2020,2,Q3,9/2/2020
West Gear,West,Nevada,Las Vegas,Men's Street Footwear,56,189,635.04,Online,10584,2,2020,1,Q1,2/1/2020
West Gear,West,Nevada,Las Vegas,Men's Athletic Footwear,62,189,351.54,Online,11718,3,2020,10,Q1,3/10/2020
West Gear,West,Colorado,Denver,Men's Street Footwear,54,189,612.36,Online,10206,4,2020,14,Q2,4/14/2020
West Gear,West,Colorado,Denver,Men's Athletic Footwear,73,189,551.88,Online,13797,4,2020,27,Q2,4/27/2020
West Gear,Southeast,Florida,Miami,Women's Athletic Footwear,38,189,287.28,Online,7182,4,2020,24,Q2,4/24/2020
Sports Direct,Southeast,Florida,Miami,Men's Apparel,57,189,538.65,Online,10773,10,2020,3,Q4,10/3/2020
Walmart,South,Texas,Houston,Women's Street Footwear,48,188,451.2,Online,9024,9,2020,13,Q3,9/13/2020
West Gear,West,California,San Francisco,Women's Athletic Footwear,54,188,406.08,Online,10152,12,2020,28,Q4,12/28/2020
West Gear,West,Colorado,Denver,Men's Athletic Footwear,67,188,503.84,Online,12596,4,2020,21,Q2,4/21/2020
West Gear,West,Washington,Seattle,Men's Athletic Footwear,74,188,556.48,Online,13912,6,2020,26,Q2,6/26/2020
West Gear,West,Washington,Seattle,Men's Athletic Footwear,60,188,451.2,Online,11280,7,2020,26,Q3,7/26/2020
West Gear,West,Washington,Seattle,Men's Street Footwear,78,188,586.56,Online,14664,7,2020,31,Q3,7/31/2020
West Gear,Southeast,Florida,Miami,Women's Street Footwear,47,188,353.44,Online,8836,4,2020,24,Q2,4/24/2020
West Gear,West,California,San Francisco,Women's Athletic Footwear,48,188,270.72,Outlet,9024,12,2020,28,Q4,12/28/2020
West Gear,West,Nevada,Las Vegas,Men's Street Footwear,41,186,305.04,Outlet,7626,2,2020,19,Q1,2/19/2020
Walmart,South,Texas,Houston,Men's Apparel,35,184,257.6,Outlet,6440,9,2020,15,Q3,9/15/2020
Sports Direct,South,Texas,Houston,Women's Street Footwear,32,182,291.2,Online,5824,8,2020,2,Q3,8/2/2020
Walmart,South,Texas,Houston,Women's Athletic Footwear,47,182,513.24,Online,8554,10,2020,29,Q4,10/29/2020
West Gear,West,California,San Francisco,Women's Apparel,46,182,251.16,Online,8372,11,2020,12,Q4,11/12/2020
West Gear,West,Nevada,Las Vegas,Men's Athletic Footwear,64,182,465.92,Online,11648,2,2020,14,Q1,2/14/2020
West Gear,West,Colorado,Denver,Men's Athletic Footwear,64,182,465.92,Online,11648,5,2020,21,Q2,5/21/2020
West Gear,West,Washington,Seattle,Women's Apparel,98,182,535.08,Online,17836,6,2020,30,Q2,6/30/2020
West Gear,West,Washington,Seattle,Men's Athletic Footwear,82,182,596.96,Online,14924,7,2020,2,Q3,7/2/2020
Foot Locker,Southeast,Florida,Miami,Men's Apparel,53,182,482.3,Online,9646,8,2020,22,Q3,8/22/2020
Sports Direct,Southeast,Florida,Miami,Women's Athletic Footwear,45,182,327.6,Online,8190,10,2020,2,Q4,10/2/2020
West Gear,West,Nevada,Las Vegas,Men's Street Footwear,31,182,282.1,Outlet,5642,1,2020,14,Q1,1/14/2020
West Gear,West,Nevada,Las Vegas,Men's Athletic Footwear,51,182,371.28,Outlet,9282,2,2020,2,Q1,2/2/2020
Walmart,South,Texas,Houston,Women's Athletic Footwear,47,181,510.42,Online,8507,9,2020,8,Q3,9/8/2020
West Gear,West,Colorado,Denver,Women's Apparel,83,181,600.92,Online,15023,4,2020,19,Q2,4/19/2020
Walmart,South,Texas,Houston,Men's Apparel,35,180,252,Outlet,6300,8,2020,16,Q3,8/16/2020
West Gear,West,Nevada,Las Vegas,Men's Athletic Footwear,51,180,275.4,Outlet,9180,2,2020,20,Q1,2/20/2020
Walmart,South,Texas,Houston,Men's Apparel,34,179,182.58,Outlet,6086,8,2020,10,Q3,8/10/2020
West Gear,West,Nevada,Las Vegas,Women's Street Footwear,44,179,315.04,Outlet,7876,2,2020,15,Q1,2/15/2020
Sports Direct,South,Texas,Houston,Women's Street Footwear,32,176,225.28,Online,5632,7,2020,27,Q3,7/27/2020
Sports Direct,South,Texas,Houston,Men's Apparel,26,176,137.28,Outlet,4576,7,2020,23,Q3,7/23/2020
West Gear,West,Nevada,Las Vegas,Women's Street Footwear,46,176,404.8,Outlet,8096,2,2020,3,Q1,2/3/2020
Foot Locker,Midwest,Minnesota,Minneapolis,Women's Street Footwear,30,175,1575,In-store,5250,10,2020,31,Q4,10/31/2020
Foot Locker,Midwest,Minnesota,Minneapolis,Women's Apparel,40,175,3150,In-store,7000,11,2020,3,Q4,11/3/2020
Foot Locker,Midwest,Minnesota,Minneapolis,Women's Apparel,40,175,3150,In-store,7000,11,2020,9,Q4,11/9/2020
Foot Locker,Midwest,Minnesota,Minneapolis,Men's Athletic Footwear,40,175,2100,Outlet,7000,11,2020,17,Q4,11/17/2020
Foot Locker,Midwest,Minnesota,Minneapolis,Women's Street Footwear,35,175,1837.5,Outlet,6125,11,2020,18,Q4,11/18/2020
Foot Locker,Midwest,Minnesota,Minneapolis,Women's Athletic Footwear,40,175,2450,Outlet,7000,11,2020,25,Q4,11/25/2020
Foot Locker,Midwest,Minnesota,Minneapolis,Women's Athletic Footwear,35,175,2143.75,Outlet,6125,12,2020,1,Q4,12/1/2020
Foot Locker,Midwest,Minnesota,Minneapolis,Women's Athletic Footwear,45,175,2756.25,Outlet,7875,12,2020,25,Q4,12/25/2020
Sports Direct,Northeast,New York,New York,Women's Athletic Footwear,34,175,297.5,Online,5950,7,2020,22,Q3,7/22/2020
Sports Direct,South,Texas,Houston,Women's Athletic Footwear,34,175,357,Online,5950,7,2020,28,Q3,7/28/2020
Walmart,South,Texas,Houston,Men's Apparel,44,175,308,Online,7700,9,2020,9,Q3,9/9/2020
West Gear,South,Texas,Houston,Women's Athletic Footwear,48,175,336,Online,8400,11,2020,4,Q4,11/4/2020
West Gear,West,California,San Francisco,Men's Athletic Footwear,58,175,304.5,Online,10150,11,2020,14,Q4,11/14/2020
West Gear,West,Washington,Seattle,Women's Street Footwear,78,175,546,Online,13650,7,2020,3,Q3,7/3/2020
Foot Locker,West,Washington,Seattle,Women's Athletic Footwear,38,175,266,Online,6650,8,2020,9,Q3,8/9/2020
Foot Locker,Southeast,Florida,Miami,Women's Athletic Footwear,36,175,252,Online,6300,8,2020,21,Q3,8/21/2020
West Gear,Southeast,Florida,Miami,Women's Athletic Footwear,49,175,343,Online,8575,4,2020,24,Q2,4/24/2020
Sports Direct,South,Texas,Houston,Women's Athletic Footwear,37,174,386.28,Online,6438,8,2020,3,Q3,8/3/2020
West Gear,West,California,San Francisco,Women's Athletic Footwear,58,174,403.68,Online,10092,12,2020,22,Q4,12/22/2020
West Gear,West,Nevada,Las Vegas,Women's Apparel,73,174,508.08,Online,12702,2,2020,6,Q1,2/6/2020
West Gear,West,Nevada,Las Vegas,Men's Athletic Footwear,61,174,424.56,Online,10614,2,2020,8,Q1,2/8/2020
West Gear,West,Nevada,Las Vegas,Men's Street Footwear,56,174,487.2,Online,9744,2,2020,19,Q1,2/19/2020
West Gear,West,Washington,Seattle,Men's Athletic Footwear,71,174,370.62,Online,12354,7,2020,14,Q3,7/14/2020
West Gear,West,California,San Francisco,Men's Apparel,38,173,328.7,Outlet,6574,11,2020,5,Q4,11/5/2020
West Gear,West,Nevada,Las Vegas,Men's Street Footwear,27,173,186.84,Outlet,4671,1,2020,8,Q1,1/8/2020
West Gear,West,Nevada,Las Vegas,Men's Street Footwear,41,171,280.44,Outlet,7011,1,2020,20,Q1,1/20/2020
West Gear,West,Nevada,Las Vegas,Men's Street Footwear,43,171,367.65,Outlet,7353,1,2020,26,Q1,1/26/2020
West Gear,West,Nevada,Las Vegas,Women's Street Footwear,47,171,401.85,Outlet,8037,2,2020,9,Q1,2/9/2020
West Gear,West,Nevada,Las Vegas,Men's Street Footwear,47,171,321.48,Outlet,8037,2,2020,25,Q1,2/25/2020
West Gear,West,California,San Francisco,Men's Apparel,51,170,433.5,Outlet,8670,12,2020,23,Q4,12/23/2020
West Gear,West,Nevada,Las Vegas,Women's Apparel,61,170,311.1,Outlet,10370,2,2020,12,Q1,2/12/2020
West Gear,West,Nevada,Las Vegas,Women's Apparel,56,170,190.4,Outlet,9520,3,2020,14,Q1,3/14/2020
Walmart,South,Texas,Houston,Men's Apparel,41,169,346.45,Online,6929,8,2020,22,Q3,8/22/2020
Walmart,South,Texas,Houston,Men's Apparel,41,169,277.16,Online,6929,9,2020,3,Q3,9/3/2020
Walmart,South,Texas,Houston,Men's Apparel,42,169,283.92,Online,7098,10,2020,30,Q4,10/30/2020
West Gear,Southeast,Florida,Miami,Women's Athletic Footwear,38,169,256.88,Online,6422,8,2020,15,Q3,8/15/2020
Walmart,South,Texas,Houston,Men's Apparel,42,168,282.24,Online,7056,8,2020,16,Q3,8/16/2020
Walmart,South,Texas,Houston,Women's Athletic Footwear,45,168,453.6,Online,7560,9,2020,14,Q3,9/14/2020
West Gear,West,Colorado,Denver,Men's Athletic Footwear,69,168,463.68,Online,11592,5,2020,3,Q2,5/3/2020
West Gear,West,Washington,Seattle,Men's Street Footwear,46,167,384.1,Online,7682,6,2020,7,Q2,6/7/2020
West Gear,West,Nevada,Las Vegas,Women's Apparel,36,166,119.52,Outlet,5976,1,2020,7,Q1,1/7/2020
West Gear,West,Nevada,Las Vegas,Women's Street Footwear,47,166,312.08,Outlet,7802,3,2020,11,Q1,3/11/2020
West Gear,West,Nevada,Las Vegas,Women's Athletic Footwear,40,166,265.6,Outlet,6640,3,2020,12,Q1,3/12/2020
West Gear,West,Nevada,Las Vegas,Men's Athletic Footwear,62,165,409.2,Online,10230,2,2020,2,Q1,2/2/2020
West Gear,West,Nevada,Las Vegas,Women's Street Footwear,62,165,613.8,Online,10230,2,2020,3,Q1,2/3/2020
West Gear,West,Nevada,Las Vegas,Men's Athletic Footwear,59,165,389.4,Online,9735,2,2020,26,Q1,2/26/2020
West Gear,West,Colorado,Denver,Men's Street Footwear,37,165,305.25,Online,6105,3,2020,27,Q1,3/27/2020
West Gear,West,Washington,Seattle,Men's Street Footwear,55,165,363,Online,9075,6,2020,19,Q2,6/19/2020
West Gear,West,California,San Francisco,Men's Apparel,42,165,415.8,Outlet,6930,11,2020,11,Q4,11/11/2020
Sports Direct,South,Texas,Houston,Women's Athletic Footwear,36,163,352.08,Online,5868,8,2020,9,Q3,8/9/2020
West Gear,West,Washington,Seattle,Women's Street Footwear,72,163,469.44,Online,11736,6,2020,27,Q2,6/27/2020
West Gear,West,Washington,Seattle,Women's Street Footwear,73,163,356.97,Online,11899,7,2020,9,Q3,7/9/2020
West Gear,West,Nevada,Las Vegas,Men's Athletic Footwear,61,162,296.46,Online,9882,2,2020,20,Q1,2/20/2020
West Gear,West,Colorado,Denver,Men's Street Footwear,59,162,477.9,Online,9558,5,2020,2,Q2,5/2/2020
West Gear,West,Washington,Seattle,Men's Street Footwear,54,162,349.92,Online,8748,7,2020,25,Q3,7/25/2020
West Gear,West,Nevada,Las Vegas,Women's Apparel,51,162,165.24,Outlet,8262,3,2020,8,Q1,3/8/2020
West Gear,West,California,San Francisco,Men's Apparel,51,161,492.66,Online,8211,11,2020,5,Q4,11/5/2020
West Gear,West,Colorado,Denver,Women's Street Footwear,67,161,539.35,Online,10787,4,2020,22,Q2,4/22/2020
West Gear,West,Nevada,Las Vegas,Men's Street Footwear,43,160,344,Online,6880,1,2020,14,Q1,1/14/2020
West Gear,West,Washington,Seattle,Men's Street Footwear,68,160,435.2,Online,10880,6,2020,13,Q2,6/13/2020
Foot Locker,Midwest,Minnesota,Minneapolis,Men's Street Footwear,49,160,392,Online,7840,11,2020,22,Q4,11/22/2020
Sports Direct,South,Texas,Houston,Men's Apparel,28,160,134.4,Outlet,4480,7,2020,29,Q3,7/29/2020
West Gear,West,Nevada,Las Vegas,Men's Street Footwear,34,158,268.6,Online,5372,1,2020,8,Q1,1/8/2020
West Gear,West,California,San Francisco,Men's Apparel,47,158,445.56,Outlet,7426,12,2020,29,Q4,12/29/2020
West Gear,Northeast,Pennsylvania,Philadelphia,Men's Street Footwear,27,158,170.64,Outlet,4266,1,2020,2,Q1,1/2/2020
West Gear,West,Washington,Seattle,Men's Street Footwear,64,156,399.36,Online,9984,7,2020,13,Q3,7/13/2020
West Gear,West,Nevada,Las Vegas,Men's Street Footwear,57,155,441.75,Online,8835,3,2020,3,Q1,3/3/2020
West Gear,West,Washington,Seattle,Women's Apparel,95,155,441.75,Online,14725,7,2020,6,Q3,7/6/2020
West Gear,West,Washington,Seattle,Women's Athletic Footwear,74,155,458.8,Online,11470,7,2020,10,Q3,7/10/2020
West Gear,West,Washington,Seattle,Men's Apparel,71,155,440.2,Online,11005,7,2020,11,Q3,7/11/2020
Sports Direct,South,Texas,Houston,Men's Apparel,35,155,162.75,Outlet,5425,8,2020,4,Q3,8/4/2020
Sports Direct,South,Texas,Houston,Men's Apparel,36,154,221.76,Online,5544,7,2020,23,Q3,7/23/2020
West Gear,West,California,San Francisco,Men's Apparel,59,152,627.76,Online,8968,12,2020,29,Q4,12/29/2020
West Gear,West,Nevada,Las Vegas,Women's Street Footwear,60,152,456,Online,9120,2,2020,15,Q1,2/15/2020
West Gear,West,Colorado,Denver,Men's Athletic Footwear,54,152,246.24,Online,8208,5,2020,9,Q2,5/9/2020
West Gear,West,Nevada,Las Vegas,Women's Athletic Footwear,42,152,255.36,Outlet,6384,2,2020,16,Q1,2/16/2020
West Gear,West,Nevada,Las Vegas,Men's Apparel,50,152,456,Outlet,7600,2,2020,17,Q1,2/17/2020
West Gear,West,Colorado,Denver,Men's Apparel,60,150,4500,In-store,9000,3,2020,31,Q1,3/31/2020
Foot Locker,Midwest,Minnesota,Minneapolis,Men's Apparel,45,150,2025,In-store,6750,10,2020,21,Q4,10/21/2020
Foot Locker,Midwest,Minnesota,Minneapolis,Men's Athletic Footwear,35,150,1575,In-store,5250,10,2020,24,Q4,10/24/2020
Foot Locker,Midwest,Minnesota,Minneapolis,Men's Apparel,45,150,2025,In-store,6750,10,2020,27,Q4,10/27/2020
Foot Locker,Midwest,Minnesota,Minneapolis,Men's Athletic Footwear,45,150,2025,In-store,6750,11,2020,11,Q4,11/11/2020
Foot Locker,Midwest,Minnesota,Minneapolis,Women's Athletic Footwear,35,150,1837.5,Outlet,5250,11,2020,19,Q4,11/19/2020
Foot Locker,Midwest,Minnesota,Minneapolis,Men's Apparel,50,150,2250,Outlet,7500,11,2020,20,Q4,11/20/2020
Foot Locker,Midwest,Minnesota,Minneapolis,Men's Apparel,45,150,2025,Outlet,6750,12,2020,2,Q4,12/2/2020
Foot Locker,Midwest,Minnesota,Minneapolis,Women's Street Footwear,25,150,1125,Outlet,3750,12,2020,6,Q4,12/6/2020
Foot Locker,Midwest,Minnesota,Minneapolis,Women's Athletic Footwear,40,150,2100,Outlet,6000,12,2020,19,Q4,12/19/2020
Walmart,South,Texas,Houston,Men's Apparel,42,150,252,Online,6300,9,2020,15,Q3,9/15/2020
West Gear,West,California,San Francisco,Women's Athletic Footwear,47,150,282,Online,7050,11,2020,10,Q4,11/10/2020
West Gear,West,Nevada,Las Vegas,Men's Athletic Footwear,64,150,288,Online,9600,3,2020,4,Q1,3/4/2020
West Gear,West,Nevada,Las Vegas,Women's Apparel,74,150,333,Online,11100,3,2020,14,Q1,3/14/2020
West Gear,West,Colorado,Denver,Women's Street Footwear,64,150,576,Online,9600,4,2020,16,Q2,4/16/2020
West Gear,West,Colorado,Denver,Men's Street Footwear,52,150,468,Online,7800,5,2020,14,Q2,5/14/2020
West Gear,West,Colorado,Denver,Men's Athletic Footwear,55,150,330,Online,8250,5,2020,15,Q2,5/15/2020
West Gear,West,Washington,Seattle,Women's Apparel,86,150,387,Online,12900,8,2020,5,Q3,8/5/2020
West Gear,West,Nevada,Las Vegas,Men's Apparel,47,150,423,Outlet,7050,2,2020,11,Q1,2/11/2020
West Gear,West,Nevada,Las Vegas,Men's Street Footwear,58,149,518.52,Online,8642,1,2020,26,Q1,1/26/2020
West Gear,West,Washington,Seattle,Men's Street Footwear,58,149,345.68,Online,8642,7,2020,19,Q3,7/19/2020
West Gear,West,Nevada,Las Vegas,Men's Street Footwear,20,149,119.2,Outlet,2980,3,2020,15,Q1,3/15/2020
Walmart,South,Texas,Houston,Men's Apparel,42,147,246.96,Online,6174,8,2020,10,Q3,8/10/2020
Foot Locker,Midwest,Minnesota,Minneapolis,Women's Street Footwear,40,145,1740,Outlet,5800,12,2020,18,Q4,12/18/2020
West Gear,West,California,San Francisco,Men's Apparel,62,145,539.4,Online,8990,12,2020,23,Q4,12/23/2020
West Gear,West,Nevada,Las Vegas,Women's Apparel,78,145,339.3,Online,11310,2,2020,12,Q1,2/12/2020
West Gear,West,Nevada,Las Vegas,Men's Athletic Footwear,35,145,152.25,Outlet,5075,1,2020,9,Q1,1/9/2020
West Gear,West,Nevada,Las Vegas,Women's Athletic Footwear,47,145,340.75,Outlet,6815,2,2020,4,Q1,2/4/2020
West Gear,West,Nevada,Las Vegas,Men's Athletic Footwear,31,145,89.9,Outlet,4495,3,2020,16,Q1,3/16/2020
West Gear,West,Colorado,Denver,Men's Athletic Footwear,59,144,424.8,Online,8496,4,2020,15,Q2,4/15/2020
West Gear,West,Washington,Seattle,Men's Apparel,77,144,332.64,Online,11088,7,2020,5,Q3,7/5/2020
West Gear,West,Nevada,Las Vegas,Women's Street Footwear,46,144,264.96,Outlet,6624,2,2020,21,Q1,2/21/2020
West Gear,West,Nevada,Las Vegas,Men's Street Footwear,58,143,414.7,Online,8294,1,2020,20,Q1,1/20/2020
West Gear,West,Nevada,Las Vegas,Women's Street Footwear,61,143,436.15,Online,8723,2,2020,9,Q1,2/9/2020
West Gear,West,Colorado,Denver,Women's Athletic Footwear,61,143,436.15,Online,8723,4,2020,23,Q2,4/23/2020
West Gear,West,Colorado,Denver,Women's Street Footwear,67,143,574.86,Online,9581,4,2020,28,Q2,4/28/2020
West Gear,West,California,San Francisco,Men's Apparel,50,140,420,Online,7000,11,2020,11,Q4,11/11/2020
West Gear,West,Colorado,Denver,Men's Apparel,74,140,725.2,Online,10360,4,2020,30,Q2,4/30/2020
West Gear,Northeast,Pennsylvania,Philadelphia,Women's Street Footwear,36,140,252,Outlet,5040,1,2020,4,Q1,1/4/2020
West Gear,West,Nevada,Las Vegas,Women's Street Footwear,31,140,173.6,Outlet,4340,1,2020,10,Q1,1/10/2020
West Gear,West,Nevada,Las Vegas,Women's Apparel,31,140,86.8,Outlet,4340,1,2020,13,Q1,1/13/2020
West Gear,West,Nevada,Las Vegas,Women's Apparel,54,140,226.8,Outlet,7560,1,2020,31,Q1,1/31/2020
West Gear,West,Nevada,Las Vegas,Women's Athletic Footwear,46,140,257.6,Outlet,6440,2,2020,10,Q1,2/10/2020
West Gear,West,Nevada,Las Vegas,Women's Apparel,54,140,151.2,Outlet,7560,2,2020,24,Q1,2/24/2020
West Gear,West,Nevada,Las Vegas,Women's Street Footwear,44,140,246.4,Outlet,6160,3,2020,5,Q1,3/5/2020
West Gear,West,Nevada,Las Vegas,Men's Apparel,68,138,656.88,Online,9384,2,2020,17,Q1,2/17/2020
West Gear,West,Nevada,Las Vegas,Men's Street Footwear,56,138,386.4,Online,7728,2,2020,25,Q1,2/25/2020
West Gear,West,Washington,Seattle,Men's Street Footwear,36,138,198.72,Online,4968,6,2020,1,Q2,6/1/2020
West Gear,West,Washington,Seattle,Men's Athletic Footwear,64,138,353.28,Online,8832,7,2020,20,Q3,7/20/2020
West Gear,West,Washington,Seattle,Women's Apparel,88,138,364.32,Online,12144,7,2020,30,Q3,7/30/2020
West Gear,West,Washington,Seattle,Women's Street Footwear,73,138,402.96,Online,10074,8,2020,2,Q3,8/2/2020
West Gear,West,Washington,Seattle,Women's Athletic Footwear,76,138,419.52,Online,10488,8,2020,3,Q3,8/3/2020
West Gear,West,Colorado,Denver,Women's Apparel,78,137,427.44,Online,10686,4,2020,25,Q2,4/25/2020
West Gear,West,Colorado,Denver,Men's Street Footwear,51,137,349.35,Online,6987,5,2020,8,Q2,5/8/2020
West Gear,West,Colorado,Denver,Women's Apparel,75,137,308.25,Online,10275,5,2020,25,Q2,5/25/2020
West Gear,West,Washington,Seattle,Women's Athletic Footwear,78,137,427.44,Online,10686,7,2020,4,Q3,7/4/2020
Foot Locker,Midwest,Minnesota,Minneapolis,Men's Street Footwear,47,137,321.95,Online,6439,11,2020,28,Q4,11/28/2020
West Gear,West,Nevada,Las Vegas,Men's Apparel,49,136,333.2,Outlet,6664,3,2020,13,Q1,3/13/2020
West Gear,West,Colorado,Denver,Women's Athletic Footwear,62,135,502.2,Online,8370,4,2020,17,Q2,4/17/2020
West Gear,West,Colorado,Denver,Women's Athletic Footwear,63,135,425.25,Online,8505,4,2020,29,Q2,4/29/2020
West Gear,West,Colorado,Denver,Women's Street Footwear,46,135,186.3,Online,6210,5,2020,28,Q2,5/28/2020
West Gear,West,Washington,Seattle,Women's Street Footwear,63,135,340.2,Online,8505,7,2020,15,Q3,7/15/2020
Foot Locker,Midwest,Minnesota,Minneapolis,Men's Street Footwear,32,135,172.8,Online,4320,10,2020,23,Q4,10/23/2020
West Gear,Northeast,Pennsylvania,Philadelphia,Men's Athletic Footwear,35,135,141.75,Outlet,4725,1,2020,3,Q1,1/3/2020
West Gear,West,Nevada,Las Vegas,Women's Apparel,68,133,271.32,Online,9044,3,2020,8,Q1,3/8/2020
West Gear,West,Nevada,Las Vegas,Women's Athletic Footwear,57,133,303.24,Online,7581,3,2020,12,Q1,3/12/2020
West Gear,West,Colorado,Denver,Women's Apparel,74,133,393.68,Online,9842,4,2020,13,Q2,4/13/2020
West Gear,West,Washington,Seattle,Men's Apparel,82,133,436.24,Online,10906,8,2020,4,Q3,8/4/2020
West Gear,West,Nevada,Las Vegas,Women's Street Footwear,49,132,323.4,Outlet,6468,1,2020,28,Q1,1/28/2020
West Gear,West,Nevada,Las Vegas,Women's Athletic Footwear,43,132,227.04,Outlet,5676,3,2020,6,Q1,3/6/2020
West Gear,West,Nevada,Las Vegas,Women's Apparel,78,131,408.72,Online,10218,1,2020,31,Q1,1/31/2020
West Gear,West,Colorado,Denver,Men's Street Footwear,27,131,176.85,Online,3537,3,2020,21,Q1,3/21/2020
West Gear,West,Colorado,Denver,Men's Street Footwear,55,131,360.25,Online,7205,4,2020,2,Q2,4/2/2020
West Gear,West,Colorado,Denver,Men's Street Footwear,55,131,432.3,Online,7205,4,2020,8,Q2,4/8/2020
West Gear,West,Colorado,Denver,Men's Apparel,67,131,614.39,Online,8777,4,2020,24,Q2,4/24/2020
West Gear,West,Colorado,Denver,Men's Athletic Footwear,48,131,251.52,Online,6288,5,2020,27,Q2,5/27/2020
West Gear,West,Washington,Seattle,Men's Athletic Footwear,47,131,246.28,Online,6157,6,2020,2,Q2,6/2/2020
Foot Locker,Southeast,Florida,Miami,Men's Street Footwear,33,131,216.15,Online,4323,10,2020,17,Q4,10/17/2020
West Gear,West,Nevada,Las Vegas,Men's Apparel,60,130,546,Online,7800,2,2020,11,Q1,2/11/2020
West Gear,West,Colorado,Denver,Women's Apparel,73,130,284.7,Online,9490,5,2020,19,Q2,5/19/2020
West Gear,West,Nevada,Las Vegas,Women's Apparel,41,128,157.44,Online,5248,1,2020,7,Q1,1/7/2020
West Gear,West,Nevada,Las Vegas,Men's Athletic Footwear,43,128,220.16,Online,5504,1,2020,9,Q1,1/9/2020
West Gear,West,Colorado,Denver,Women's Apparel,37,128,142.08,Online,4736,3,2020,20,Q1,3/20/2020
West Gear,West,Colorado,Denver,Women's Street Footwear,51,128,326.4,Online,6528,5,2020,16,Q2,5/16/2020
Kohl's,Midwest,Minnesota,Minneapolis,Men's Athletic Footwear,43,128,220.16,Online,5504,12,2020,29,Q4,12/29/2020
West Gear,West,Nevada,Las Vegas,Women's Street Footwear,43,128,275.2,Outlet,5504,1,2020,16,Q1,1/16/2020
West Gear,West,Nevada,Las Vegas,Women's Apparel,55,128,211.2,Outlet,7040,2,2020,18,Q1,2/18/2020
West Gear,West,Nevada,Las Vegas,Men's Apparel,53,128,339.2,Outlet,6784,2,2020,23,Q1,2/23/2020
West Gear,West,Nevada,Las Vegas,Women's Street Footwear,26,128,133.12,Outlet,3328,3,2020,17,Q1,3/17/2020
Foot Locker,Midwest,Minnesota,Minneapolis,Men's Athletic Footwear,40,125,1500,In-store,5000,10,2020,30,Q4,10/30/2020
Foot Locker,Midwest,Minnesota,Minneapolis,Women's Street Footwear,40,125,1500,In-store,5000,11,2020,12,Q4,11/12/2020
Foot Locker,Midwest,Minnesota,Minneapolis,Women's Athletic Footwear,25,125,1093.75,Outlet,3125,12,2020,7,Q4,12/7/2020
Foot Locker,Midwest,Minnesota,Minneapolis,Men's Apparel,35,125,1312.5,Outlet,4375,12,2020,8,Q4,12/8/2020
Foot Locker,Midwest,Minnesota,Minneapolis,Men's Apparel,55,125,2062.5,Outlet,6875,12,2020,20,Q4,12/20/2020
Sports Direct,South,Texas,Houston,Men's Apparel,38,125,237.5,Online,4750,7,2020,29,Q3,7/29/2020
Sports Direct,South,Texas,Houston,Men's Apparel,41,125,205,Online,5125,8,2020,4,Q3,8/4/2020
West Gear,West,Colorado,Denver,Women's Street Footwear,60,125,450,Online,7500,5,2020,22,Q2,5/22/2020
West Gear,West,Colorado,Denver,Women's Athletic Footwear,63,125,315,Online,7875,5,2020,23,Q2,5/23/2020
West Gear,West,Washington,Seattle,Women's Apparel,46,125,172.5,Online,5750,5,2020,31,Q2,5/31/2020
West Gear,West,Washington,Seattle,Women's Apparel,75,125,281.25,Online,9375,6,2020,24,Q2,6/24/2020
West Gear,West,Washington,Seattle,Women's Athletic Footwear,75,125,375,Online,9375,6,2020,28,Q2,6/28/2020
West Gear,West,Nevada,Las Vegas,Women's Athletic Footwear,64,124,396.8,Online,7936,2,2020,16,Q1,2/16/2020
West Gear,West,Washington,Seattle,Women's Street Footwear,54,124,267.84,Online,6696,7,2020,27,Q3,7/27/2020
Foot Locker,Midwest,Minnesota,Minneapolis,Men's Street Footwear,50,124,310,Online,6200,12,2020,22,Q4,12/22/2020
West Gear,West,Nevada,Las Vegas,Men's Athletic Footwear,42,124,156.24,Outlet,5208,1,2020,15,Q1,1/15/2020
West Gear,West,Nevada,Las Vegas,Women's Apparel,39,124,145.08,Outlet,4836,1,2020,19,Q1,1/19/2020
West Gear,West,Nevada,Las Vegas,Women's Athletic Footwear,43,124,213.28,Outlet,5332,2,2020,22,Q1,2/22/2020
West Gear,West,Nevada,Las Vegas,Men's Street Footwear,28,123,172.2,Online,3444,3,2020,15,Q1,3/15/2020
West Gear,West,Nevada,Las Vegas,Men's Athletic Footwear,38,123,140.22,Online,4674,3,2020,16,Q1,3/16/2020
West Gear,West,Colorado,Denver,Women's Street Footwear,38,123,233.7,Online,4674,3,2020,23,Q1,3/23/2020
West Gear,West,Washington,Seattle,Women's Apparel,46,123,169.74,Online,5658,6,2020,6,Q2,6/6/2020
West Gear,West,Nevada,Las Vegas,Women's Apparel,54,123,199.26,Outlet,6642,1,2020,25,Q1,1/25/2020
West Gear,Northeast,Pennsylvania,Philadelphia,Men's Street Footwear,32,122,195.2,Online,3904,1,2020,2,Q1,1/2/2020
West Gear,West,Washington,Seattle,Women's Street Footwear,47,122,229.36,Online,5734,6,2020,3,Q2,6/3/2020
West Gear,West,Nevada,Las Vegas,Men's Athletic Footwear,50,120,240,Online,6000,1,2020,15,Q1,1/15/2020
West Gear,West,Nevada,Las Vegas,Women's Street Footwear,61,120,366,Online,7320,1,2020,22,Q1,1/22/2020
West Gear,West,Nevada,Las Vegas,Men's Apparel,67,120,482.4,Online,8040,2,2020,23,Q1,2/23/2020
West Gear,West,Colorado,Denver,Men's Apparel,74,120,621.6,Online,8880,5,2020,6,Q2,5/6/2020
West Gear,West,Washington,Seattle,Women's Street Footwear,74,120,355.2,Online,8880,6,2020,15,Q2,6/15/2020
West Gear,West,Washington,Seattle,Women's Street Footwear,61,120,292.8,Online,7320,6,2020,21,Q2,6/21/2020
Foot Locker,Midwest,Minnesota,Minneapolis,Men's Street Footwear,36,120,216,Online,4320,11,2020,4,Q4,11/4/2020
West Gear,West,Nevada,Las Vegas,Women's Street Footwear,47,120,282,Outlet,5640,1,2020,22,Q1,1/22/2020
West Gear,West,Nevada,Las Vegas,Men's Athletic Footwear,43,120,206.4,Outlet,5160,1,2020,27,Q1,1/27/2020
West Gear,West,Nevada,Las Vegas,Women's Apparel,53,120,127.2,Outlet,6360,3,2020,2,Q1,3/2/2020
West Gear,West,Nevada,Las Vegas,Women's Street Footwear,41,119,243.95,Online,4879,1,2020,10,Q1,1/10/2020
West Gear,West,Nevada,Las Vegas,Women's Street Footwear,59,119,351.05,Online,7021,3,2020,11,Q1,3/11/2020
Kohl's,Midwest,Minnesota,Minneapolis,Men's Street Footwear,32,119,228.48,Online,3808,12,2020,28,Q4,12/28/2020
Kohl's,Midwest,Minnesota,Minneapolis,Women's Street Footwear,41,119,292.74,Online,4879,12,2020,30,Q4,12/30/2020
West Gear,West,Nevada,Las Vegas,Women's Athletic Footwear,43,119,153.51,Outlet,5117,2,2020,28,Q1,2/28/2020
West Gear,West,Nevada,Las Vegas,Men's Apparel,46,119,273.7,Outlet,5474,3,2020,7,Q1,3/7/2020
West Gear,Northeast,Pennsylvania,Philadelphia,Men's Athletic Footwear,44,117,205.92,Online,5148,1,2020,3,Q1,1/3/2020
West Gear,Northeast,Pennsylvania,Philadelphia,Women's Street Footwear,41,117,239.85,Online,4797,1,2020,4,Q1,1/4/2020
West Gear,West,Nevada,Las Vegas,Women's Athletic Footwear,55,117,321.75,Online,6435,2,2020,10,Q1,2/10/2020
West Gear,West,Nevada,Las Vegas,Women's Street Footwear,57,117,333.45,Online,6669,2,2020,21,Q1,2/21/2020
West Gear,West,Colorado,Denver,Men's Street Footwear,36,117,168.48,Online,4212,5,2020,26,Q2,5/26/2020
West Gear,West,Washington,Seattle,Women's Athletic Footwear,69,117,322.92,Online,8073,7,2020,28,Q3,7/28/2020
West Gear,West,Nevada,Las Vegas,Women's Apparel,41,116,142.68,Online,4756,1,2020,13,Q1,1/13/2020
West Gear,West,Nevada,Las Vegas,Women's Street Footwear,63,116,438.48,Online,7308,1,2020,28,Q1,1/28/2020
West Gear,West,Colorado,Denver,Women's Apparel,37,116,128.76,Online,4292,3,2020,26,Q1,3/26/2020
West Gear,West,Colorado,Denver,Women's Street Footwear,51,116,295.8,Online,5916,3,2020,29,Q1,3/29/2020
West Gear,West,Colorado,Denver,Women's Athletic Footwear,60,116,348,Online,6960,5,2020,17,Q2,5/17/2020
Foot Locker,Midwest,Minnesota,Minneapolis,Men's Street Footwear,39,116,226.2,Online,4524,10,2020,29,Q4,10/29/2020
Foot Locker,Midwest,Minnesota,Minneapolis,Men's Street Footwear,48,116,278.4,Online,5568,11,2020,10,Q4,11/10/2020
West Gear,West,Nevada,Las Vegas,Men's Athletic Footwear,46,116,160.08,Outlet,5336,1,2020,21,Q1,1/21/2020
West Gear,West,Nevada,Las Vegas,Women's Street Footwear,39,115,224.25,Online,4485,3,2020,17,Q1,3/17/2020
West Gear,West,Colorado,Denver,Men's Apparel,68,115,547.4,Online,7820,5,2020,24,Q2,5/24/2020
West Gear,West,Washington,Seattle,Men's Athletic Footwear,58,115,266.8,Online,6670,6,2020,8,Q2,6/8/2020
West Gear,West,Washington,Seattle,Women's Street Footwear,60,115,276,Online,6900,6,2020,9,Q2,6/9/2020
West Gear,West,Washington,Seattle,Men's Apparel,85,115,391,Online,9775,7,2020,29,Q3,7/29/2020
West Gear,West,Nevada,Las Vegas,Women's Apparel,74,113,250.86,Online,8362,2,2020,24,Q1,2/24/2020
West Gear,West,Colorado,Denver,Women's Street Footwear,61,113,344.65,Online,6893,4,2020,4,Q2,4/4/2020
West Gear,West,Colorado,Denver,Women's Street Footwear,60,113,339,Online,6780,5,2020,4,Q2,5/4/2020
West Gear,West,Washington,Seattle,Women's Apparel,62,113,210.18,Online,7006,7,2020,18,Q3,7/18/2020
West Gear,West,Washington,Seattle,Women's Street Footwear,56,113,253.12,Online,6328,7,2020,21,Q3,7/21/2020
Foot Locker,Midwest,Minnesota,Minneapolis,Men's Street Footwear,43,113,242.95,Online,4859,12,2020,4,Q4,12/4/2020
West Gear,West,Nevada,Las Vegas,Women's Street Footwear,47,113,212.44,Outlet,5311,2,2020,27,Q1,2/27/2020
West Gear,West,Nevada,Las Vegas,Women's Athletic Footwear,58,112,259.84,Online,6496,2,2020,22,Q1,2/22/2020
West Gear,West,Nevada,Las Vegas,Men's Apparel,69,112,463.68,Online,7728,3,2020,13,Q1,3/13/2020
West Gear,West,Colorado,Denver,Men's Athletic Footwear,48,112,161.28,Online,5376,3,2020,28,Q1,3/28/2020
West Gear,West,Washington,Seattle,Women's Athletic Footwear,67,112,300.16,Online,7504,7,2020,16,Q3,7/16/2020
West Gear,West,Nevada,Las Vegas,Women's Athletic Footwear,58,111,321.9,Online,6438,2,2020,4,Q1,2/4/2020
West Gear,West,Colorado,Denver,Men's Athletic Footwear,38,111,126.54,Online,4218,3,2020,22,Q1,3/22/2020
West Gear,West,Washington,Seattle,Men's Apparel,72,111,319.68,Online,7992,7,2020,17,Q3,7/17/2020
West Gear,West,Nevada,Las Vegas,Women's Street Footwear,54,109,294.3,Online,5886,2,2020,27,Q1,2/27/2020
West Gear,West,Nevada,Las Vegas,Women's Apparel,78,108,252.72,Online,8424,2,2020,18,Q1,2/18/2020
West Gear,West,Nevada,Las Vegas,Women's Athletic Footwear,56,108,241.92,Online,6048,3,2020,6,Q1,3/6/2020
West Gear,West,Washington,Seattle,Men's Athletic Footwear,60,108,259.2,Online,6480,6,2020,20,Q2,6/20/2020
West Gear,West,Washington,Seattle,Women's Apparel,76,108,246.24,Online,8208,7,2020,12,Q3,7/12/2020
West Gear,West,Nevada,Las Vegas,Men's Apparel,48,107,256.8,Outlet,5136,3,2020,1,Q1,3/1/2020
West Gear,West,Nevada,Las Vegas,Women's Street Footwear,55,106,291.5,Online,5830,3,2020,5,Q1,3/5/2020
West Gear,West,Colorado,Denver,Women's Apparel,65,106,206.7,Online,6890,5,2020,7,Q2,5/7/2020
Foot Locker,Midwest,Minnesota,Minneapolis,Men's Street Footwear,44,106,233.2,Online,4664,11,2020,16,Q4,11/16/2020
West Gear,West,Nevada,Las Vegas,Women's Athletic Footwear,54,105,226.8,Online,5670,2,2020,28,Q1,2/28/2020
West Gear,West,Colorado,Denver,Men's Athletic Footwear,60,105,315,Online,6300,4,2020,9,Q2,4/9/2020
West Gear,West,Colorado,Denver,Women's Apparel,65,105,204.75,Online,6825,5,2020,13,Q2,5/13/2020
West Gear,West,Colorado,Denver,Men's Apparel,68,105,499.8,Online,7140,5,2020,18,Q2,5/18/2020
West Gear,West,Washington,Seattle,Women's Apparel,62,105,195.3,Online,6510,6,2020,12,Q2,6/12/2020
West Gear,West,Washington,Seattle,Men's Apparel,82,105,344.4,Online,8610,6,2020,29,Q2,6/29/2020
West Gear,West,Nevada,Las Vegas,Women's Athletic Footwear,47,105,246.75,Outlet,4935,1,2020,29,Q1,1/29/2020
West Gear,West,Nevada,Las Vegas,Men's Apparel,47,105,345.45,Outlet,4935,2,2020,5,Q1,2/5/2020
West Gear,West,Nevada,Las Vegas,Women's Street Footwear,52,104,270.4,Online,5408,1,2020,16,Q1,1/16/2020
West Gear,West,Nevada,Las Vegas,Men's Athletic Footwear,60,104,249.6,Online,6240,1,2020,27,Q1,1/27/2020
West Gear,West,Nevada,Las Vegas,Men's Athletic Footwear,62,102,252.96,Online,6324,1,2020,21,Q1,1/21/2020
West Gear,West,Colorado,Denver,Women's Street Footwear,51,102,260.1,Online,5202,5,2020,10,Q2,5/10/2020
West Gear,West,Washington,Seattle,Women's Apparel,71,101,286.84,Online,7171,7,2020,24,Q3,7/24/2020
Foot Locker,Southeast,Florida,Miami,Women's Athletic Footwear,30,100,1050,In-store,3000,10,2020,20,Q4,10/20/2020
Foot Locker,Midwest,Minnesota,Minneapolis,Men's Athletic Footwear,40,100,1200,In-store,4000,11,2020,5,Q4,11/5/2020
Foot Locker,Midwest,Minnesota,Minneapolis,Women's Street Footwear,30,100,900,In-store,3000,11,2020,6,Q4,11/6/2020
Foot Locker,Midwest,Minnesota,Minneapolis,Women's Street Footwear,35,100,1050,Outlet,3500,12,2020,12,Q4,12/12/2020
West Gear,West,Colorado,Denver,Women's Apparel,74,100,296,Online,7400,5,2020,1,Q2,5/1/2020
West Gear,West,Colorado,Denver,Women's Athletic Footwear,59,100,295,Online,5900,5,2020,5,Q2,5/5/2020
West Gear,West,Colorado,Denver,Women's Apparel,72,98,141.12,Online,7056,4,2020,7,Q2,4/7/2020
West Gear,West,Colorado,Denver,Women's Street Footwear,59,98,346.92,Online,5782,4,2020,10,Q2,4/10/2020
West Gear,West,Washington,Seattle,Women's Athletic Footwear,58,98,227.36,Online,5684,7,2020,22,Q3,7/22/2020
Foot Locker,Midwest,Minnesota,Minneapolis,Women's Apparel,54,98,264.6,Online,5292,11,2020,27,Q4,11/27/2020
Foot Locker,Midwest,Minnesota,Minneapolis,Men's Street Footwear,41,98,200.9,Online,4018,12,2020,10,Q4,12/10/2020
Kohl's,Midwest,Minnesota,Minneapolis,Women's Athletic Footwear,44,98,215.6,Online,4312,12,2020,31,Q4,12/31/2020
West Gear,West,Nevada,Las Vegas,Women's Athletic Footwear,26,96,74.88,Outlet,2496,3,2020,18,Q1,3/18/2020
West Gear,West,Nevada,Las Vegas,Women's Apparel,78,95,222.3,Online,7410,1,2020,25,Q1,1/25/2020
West Gear,West,Colorado,Denver,Women's Apparel,52,95,148.2,Online,4940,4,2020,1,Q2,4/1/2020
West Gear,West,Nevada,Las Vegas,Women's Apparel,54,94,152.28,Online,5076,1,2020,19,Q1,1/19/2020
West Gear,West,Nevada,Las Vegas,Women's Apparel,68,94,191.76,Online,6392,3,2020,2,Q1,3/2/2020
West Gear,West,Colorado,Denver,Men's Athletic Footwear,59,94,166.38,Online,5546,4,2020,3,Q2,4/3/2020
West Gear,West,Washington,Seattle,Men's Apparel,69,94,194.58,Online,6486,7,2020,23,Q3,7/23/2020
West Gear,West,Nevada,Las Vegas,Women's Athletic Footwear,41,93,152.52,Outlet,3813,1,2020,17,Q1,1/17/2020
West Gear,West,Colorado,Denver,Men's Apparel,66,91,480.48,Online,6006,4,2020,18,Q2,4/18/2020
Foot Locker,Midwest,Minnesota,Minneapolis,Men's Street Footwear,46,91,209.3,Online,4186,12,2020,16,Q4,12/16/2020
West Gear,West,Nevada,Las Vegas,Women's Athletic Footwear,57,90,256.5,Online,5130,1,2020,29,Q1,1/29/2020
West Gear,West,Colorado,Denver,Women's Athletic Footwear,51,90,183.6,Online,4590,3,2020,30,Q1,3/30/2020
West Gear,West,Washington,Seattle,Women's Athletic Footwear,55,90,198,Online,4950,6,2020,16,Q2,6/16/2020
West Gear,West,Washington,Seattle,Women's Athletic Footwear,59,90,212.4,Online,5310,6,2020,22,Q2,6/22/2020
West Gear,Northeast,Pennsylvania,Philadelphia,Women's Athletic Footwear,34,90,122.4,Outlet,3060,1,2020,5,Q1,1/5/2020
West Gear,West,Nevada,Las Vegas,Women's Athletic Footwear,40,90,144,Outlet,3600,1,2020,23,Q1,1/23/2020
West Gear,West,Nevada,Las Vegas,Men's Apparel,64,88,337.92,Online,5632,3,2020,7,Q1,3/7/2020
West Gear,West,Washington,Seattle,Men's Athletic Footwear,71,88,249.92,Online,6248,6,2020,14,Q2,6/14/2020
West Gear,West,Washington,Seattle,Women's Apparel,78,88,205.92,Online,6864,6,2020,18,Q2,6/18/2020
Foot Locker,Midwest,Minnesota,Minneapolis,Women's Apparel,46,88,242.88,Online,4048,12,2020,3,Q4,12/3/2020
West Gear,Northeast,Pennsylvania,Philadelphia,Women's Athletic Footwear,43,87,187.05,Online,3741,1,2020,5,Q1,1/5/2020
West Gear,West,Washington,Seattle,Women's Athletic Footwear,48,87,167.04,Online,4176,6,2020,4,Q2,6/4/2020
Foot Locker,Midwest,Minnesota,Minneapolis,Men's Athletic Footwear,43,87,149.64,Online,3741,11,2020,29,Q4,11/29/2020
West Gear,West,Colorado,Denver,Women's Athletic Footwear,53,85,225.25,Online,4505,5,2020,11,Q2,5/11/2020
West Gear,West,Washington,Seattle,Women's Athletic Footwear,64,85,217.6,Online,5440,6,2020,10,Q2,6/10/2020
West Gear,West,Nevada,Las Vegas,Women's Athletic Footwear,30,85,102,Outlet,2550,1,2020,11,Q1,1/11/2020
West Gear,West,Nevada,Las Vegas,Women's Athletic Footwear,50,84,210,Online,4200,1,2020,17,Q1,1/17/2020
Foot Locker,Northeast,Pennsylvania,Philadelphia,Women's Apparel,68,83,225.76,Online,5644,1,2020,1,Q1,1/1/2020
Foot Locker,Northeast,Pennsylvania,Philadelphia,Women's Apparel,53,83,131.97,Outlet,4399,1,2020,1,Q1,1/1/2020
West Gear,West,Nevada,Las Vegas,Men's Apparel,59,81,334.53,Online,4779,2,2020,5,Q1,2/5/2020
West Gear,West,Nevada,Las Vegas,Men's Apparel,63,81,306.18,Online,5103,3,2020,1,Q1,3/1/2020
Foot Locker,Midwest,Minnesota,Minneapolis,Women's Apparel,53,81,257.58,Online,4293,11,2020,21,Q4,11/21/2020
West Gear,West,Nevada,Las Vegas,Men's Apparel,37,80,177.6,Outlet,2960,1,2020,6,Q1,1/6/2020
West Gear,West,Colorado,Denver,Women's Athletic Footwear,49,78,152.88,Online,3822,5,2020,29,Q2,5/29/2020
Foot Locker,Midwest,Minnesota,Minneapolis,Men's Athletic Footwear,42,77,161.7,Online,3234,12,2020,23,Q4,12/23/2020
Foot Locker,Midwest,Minnesota,Minneapolis,Women's Apparel,54,77,249.48,Online,4158,12,2020,27,Q4,12/27/2020
Foot Locker,Midwest,Minnesota,Minneapolis,Women's Athletic Footwear,30,75,787.5,In-store,2250,10,2020,26,Q4,10/26/2020
Foot Locker,Midwest,Minnesota,Minneapolis,Men's Apparel,50,75,1125,In-store,3750,11,2020,2,Q4,11/2/2020
Foot Locker,Midwest,Minnesota,Minneapolis,Men's Apparel,55,75,1237.5,In-store,4125,11,2020,14,Q4,11/14/2020
Foot Locker,Midwest,Minnesota,Minneapolis,Women's Athletic Footwear,35,75,918.75,Outlet,2625,12,2020,13,Q4,12/13/2020
Foot Locker,Midwest,Minnesota,Minneapolis,Men's Apparel,45,75,1012.5,Outlet,3375,12,2020,14,Q4,12/14/2020
West Gear,West,Nevada,Las Vegas,Women's Athletic Footwear,59,75,221.25,Online,4425,1,2020,23,Q1,1/23/2020
West Gear,West,Colorado,Denver,Men's Apparel,64,75,336,Online,4800,5,2020,12,Q2,5/12/2020
Foot Locker,Midwest,Minnesota,Minneapolis,Men's Athletic Footwear,42,75,157.5,Online,3150,11,2020,23,Q4,11/23/2020
West Gear,West,Nevada,Las Vegas,Women's Athletic Footwear,44,74,162.8,Online,3256,1,2020,11,Q1,1/11/2020
West Gear,West,Colorado,Denver,Women's Athletic Footwear,56,74,165.76,Online,4144,4,2020,5,Q2,4/5/2020
West Gear,West,Washington,Seattle,Men's Apparel,51,73,148.92,Online,3723,5,2020,30,Q2,5/30/2020
Foot Locker,Midwest,Minnesota,Minneapolis,Men's Athletic Footwear,37,73,135.05,Online,2701,12,2020,5,Q4,12/5/2020
West Gear,West,Nevada,Las Vegas,Women's Athletic Footwear,38,72,109.44,Online,2736,3,2020,18,Q1,3/18/2020
West Gear,West,Colorado,Denver,Women's Athletic Footwear,36,72,129.6,Online,2592,3,2020,24,Q1,3/24/2020
West Gear,West,Nevada,Las Vegas,Men's Apparel,47,70,230.3,Online,3290,1,2020,6,Q1,1/6/2020
West Gear,West,Nevada,Las Vegas,Men's Apparel,37,70,155.4,Outlet,2590,1,2020,12,Q1,1/12/2020
West Gear,West,Colorado,Denver,Women's Athletic Footwear,58,69,240.12,Online,4002,4,2020,11,Q2,4/11/2020
Foot Locker,Midwest,Minnesota,Minneapolis,Women's Street Footwear,37,68,100.64,Online,2516,11,2020,30,Q4,11/30/2020
West Gear,West,Nevada,Las Vegas,Men's Apparel,43,66,198.66,Outlet,2838,1,2020,30,Q1,1/30/2020
West Gear,West,Washington,Seattle,Men's Apparel,52,65,135.2,Online,3380,6,2020,5,Q2,6/5/2020
Foot Locker,Southeast,Florida,Miami,Men's Athletic Footwear,33,65,85.8,Online,2145,10,2020,18,Q4,10/18/2020
Foot Locker,Midwest,Minnesota,Minneapolis,Women's Apparel,32,65,124.8,Online,2080,10,2020,22,Q4,10/22/2020
Foot Locker,Midwest,Minnesota,Minneapolis,Women's Apparel,34,65,132.6,Online,2210,10,2020,28,Q4,10/28/2020
Foot Locker,Southeast,Florida,Miami,Women's Street Footwear,24,63,60.48,Online,1512,10,2020,19,Q4,10/19/2020
Foot Locker,Midwest,Minnesota,Minneapolis,Women's Street Footwear,36,63,90.72,Online,2268,11,2020,24,Q4,11/24/2020
West Gear,West,Nevada,Las Vegas,Men's Apparel,47,62,174.84,Outlet,2914,1,2020,24,Q1,1/24/2020
Foot Locker,Midwest,Minnesota,Minneapolis,Women's Apparel,59,61,215.94,Online,3599,12,2020,21,Q4,12/21/2020
West Gear,West,Nevada,Las Vegas,Men's Apparel,60,60,252,Online,3600,1,2020,30,Q1,1/30/2020
Foot Locker,Midwest,Minnesota,Minneapolis,Women's Apparel,49,60,176.4,Online,2940,12,2020,15,Q4,12/15/2020
West Gear,West,Nevada,Las Vegas,Men's Apparel,44,60,158.4,Outlet,2640,1,2020,18,Q1,1/18/2020
West Gear,West,Colorado,Denver,Men's Apparel,43,58,149.64,Online,2494,3,2020,25,Q1,3/25/2020
Foot Locker,Midwest,Minnesota,Minneapolis,Men's Apparel,49,58,113.68,Online,2842,11,2020,26,Q4,11/26/2020
Foot Locker,Midwest,Minnesota,Minneapolis,Men's Athletic Footwear,34,58,78.88,Online,1972,12,2020,11,Q4,12/11/2020
West Gear,West,Colorado,Denver,Men's Apparel,41,56,137.76,Online,2296,3,2020,19,Q1,3/19/2020
West Gear,West,Washington,Seattle,Men's Apparel,59,56,132.16,Online,3304,6,2020,17,Q2,6/17/2020
Foot Locker,Midwest,Minnesota,Minneapolis,Women's Street Footwear,25,56,56,Online,1400,10,2020,25,Q4,10/25/2020
Foot Locker,Midwest,Minnesota,Minneapolis,Women's Street Footwear,44,56,98.56,Online,2464,12,2020,24,Q4,12/24/2020
Foot Locker,Midwest,Minnesota,Minneapolis,Women's Street Footwear,29,53,61.48,Online,1537,10,2020,31,Q4,10/31/2020
Foot Locker,Midwest,Minnesota,Minneapolis,Women's Apparel,36,53,114.48,Online,1908,11,2020,9,Q4,11/9/2020
West Gear,West,Nevada,Las Vegas,Men's Apparel,46,52,167.44,Online,2392,1,2020,12,Q1,1/12/2020
West Gear,West,Nevada,Las Vegas,Men's Apparel,63,52,229.32,Online,3276,1,2020,24,Q1,1/24/2020
West Gear,West,Washington,Seattle,Men's Apparel,60,52,124.8,Online,3120,6,2020,23,Q2,6/23/2020
Foot Locker,Midwest,Minnesota,Minneapolis,Women's Apparel,39,52,121.68,Online,2028,12,2020,9,Q4,12/9/2020
Foot Locker,Midwest,Minnesota,Minneapolis,Men's Athletic Footwear,38,52,79.04,Online,1976,12,2020,17,Q4,12/17/2020
Foot Locker,Midwest,Minnesota,Minneapolis,Women's Apparel,58,51,177.48,Online,2958,11,2020,15,Q4,11/15/2020
Foot Locker,Midwest,Minnesota,Minneapolis,Women's Athletic Footwear,38,51,96.9,Online,1938,11,2020,25,Q4,11/25/2020
Foot Locker,Midwest,Minnesota,Minneapolis,Men's Apparel,50,50,750,In-store,2500,11,2020,8,Q4,11/8/2020
Foot Locker,Midwest,Minnesota,Minneapolis,Women's Athletic Footwear,40,50,700,In-store,2000,11,2020,13,Q4,11/13/2020
Foot Locker,Midwest,Minnesota,Minneapolis,Men's Athletic Footwear,38,49,74.48,Online,1862,11,2020,17,Q4,11/17/2020
Foot Locker,Midwest,Minnesota,Minneapolis,Women's Athletic Footwear,44,49,107.8,Online,2156,12,2020,25,Q4,12/25/2020
West Gear,West,Nevada,Las Vegas,Men's Apparel,55,47,180.95,Online,2585,1,2020,18,Q1,1/18/2020
Foot Locker,Midwest,Minnesota,Minneapolis,Women's Apparel,38,47,89.3,Online,1786,11,2020,3,Q4,11/3/2020
Foot Locker,Midwest,Minnesota,Minneapolis,Women's Street Footwear,33,47,77.55,Online,1551,11,2020,18,Q4,11/18/2020
Foot Locker,Midwest,Minnesota,Minneapolis,Women's Athletic Footwear,33,47,77.55,Online,1551,12,2020,1,Q4,12/1/2020
West Gear,West,Washington,Seattle,Men's Apparel,69,46,126.96,Online,3174,6,2020,11,Q2,6/11/2020
Foot Locker,Midwest,Minnesota,Minneapolis,Women's Athletic Footwear,32,45,72,Online,1440,11,2020,19,Q4,11/19/2020
Foot Locker,Midwest,Minnesota,Minneapolis,Men's Apparel,49,45,88.2,Online,2205,11,2020,20,Q4,11/20/2020
Foot Locker,Midwest,Minnesota,Minneapolis,Women's Athletic Footwear,38,45,85.5,Online,1710,12,2020,19,Q4,12/19/2020
West Gear,West,Colorado,Denver,Men's Apparel,62,44,163.68,Online,2728,4,2020,6,Q2,4/6/2020
West Gear,West,Colorado,Denver,Men's Apparel,63,44,221.76,Online,2772,4,2020,12,Q2,4/12/2020
Foot Locker,Midwest,Minnesota,Minneapolis,Men's Apparel,41,44,72.16,Online,1804,10,2020,27,Q4,10/27/2020
Foot Locker,Midwest,Minnesota,Minneapolis,Men's Athletic Footwear,44,44,77.44,Online,1936,11,2020,11,Q4,11/11/2020
Foot Locker,Midwest,Minnesota,Minneapolis,Men's Apparel,54,44,95.04,Online,2376,12,2020,26,Q4,12/26/2020
Foot Locker,Midwest,Minnesota,Minneapolis,Men's Apparel,42,42,70.56,Online,1764,12,2020,2,Q4,12/2/2020
Foot Locker,Midwest,Minnesota,Minneapolis,Women's Street Footwear,24,41,39.36,Online,984,12,2020,6,Q4,12/6/2020
West Gear,West,Colorado,Denver,Men's Apparel,56,39,131.04,Online,2184,3,2020,31,Q1,3/31/2020
Foot Locker,Midwest,Minnesota,Minneapolis,Men's Apparel,43,39,67.08,Online,1677,10,2020,21,Q4,10/21/2020
Foot Locker,Midwest,Minnesota,Minneapolis,Men's Athletic Footwear,34,38,51.68,Online,1292,10,2020,24,Q4,10/24/2020
Foot Locker,Midwest,Minnesota,Minneapolis,Women's Street Footwear,37,38,56.24,Online,1406,11,2020,12,Q4,11/12/2020
Foot Locker,Midwest,Minnesota,Minneapolis,Women's Street Footwear,36,38,54.72,Online,1368,12,2020,18,Q4,12/18/2020
Foot Locker,Midwest,Minnesota,Minneapolis,Men's Athletic Footwear,38,35,53.2,Online,1330,10,2020,30,Q4,10/30/2020
Foot Locker,Midwest,Minnesota,Minneapolis,Men's Apparel,32,34,43.52,Online,1088,12,2020,8,Q4,12/8/2020
Foot Locker,Midwest,Minnesota,Minneapolis,Men's Apparel,52,34,70.72,Online,1768,12,2020,20,Q4,12/20/2020
Foot Locker,Midwest,Minnesota,Minneapolis,Women's Athletic Footwear,24,31,37.2,Online,744,12,2020,7,Q4,12/7/2020
Foot Locker,Midwest,Minnesota,Minneapolis,Men's Athletic Footwear,38,28,42.56,Online,1064,11,2020,5,Q4,11/5/2020
Foot Locker,Southeast,Florida,Miami,Women's Athletic Footwear,29,26,37.7,Online,754,10,2020,20,Q4,10/20/2020
Foot Locker,Midwest,Minnesota,Minneapolis,Women's Street Footwear,29,26,30.16,Online,754,11,2020,6,Q4,11/6/2020
Foot Locker,Midwest,Minnesota,Minneapolis,Women's Athletic Footwear,35,25,306.25,In-store,875,11,2020,1,Q4,11/1/2020
Foot Locker,Midwest,Minnesota,Minneapolis,Women's Athletic Footwear,35,25,306.25,In-store,875,11,2020,7,Q4,11/7/2020
Foot Locker,Midwest,Minnesota,Minneapolis,Women's Street Footwear,32,25,32,Online,800,12,2020,12,Q4,12/12/2020
Foot Locker,Midwest,Minnesota,Minneapolis,Women's Athletic Footwear,32,21,33.6,Online,672,12,2020,13,Q4,12/13/2020
Foot Locker,Midwest,Minnesota,Minneapolis,Women's Athletic Footwear,27,20,27,Online,540,10,2020,26,Q4,10/26/2020
Foot Locker,Midwest,Minnesota,Minneapolis,Men's Apparel,50,20,40,Online,1000,11,2020,14,Q4,11/14/2020
Foot Locker,Midwest,Minnesota,Minneapolis,Men's Apparel,47,19,35.72,Online,893,11,2020,2,Q4,11/2/2020
Foot Locker,Midwest,Minnesota,Minneapolis,Men's Apparel,41,19,31.16,Online,779,12,2020,14,Q4,12/14/2020
Foot Locker,Midwest,Minnesota,Minneapolis,Men's Apparel,47,14,26.32,Online,658,11,2020,8,Q4,11/8/2020
Foot Locker,Midwest,Minnesota,Minneapolis,Women's Athletic Footwear,36,13,23.4,Online,468,11,2020,13,Q4,11/13/2020
Foot Locker,Midwest,Minnesota,Minneapolis,Women's Athletic Footwear,32,7,11.2,Online,224,11,2020,1,Q4,11/1/2020
Foot Locker,Midwest,Minnesota,Minneapolis,Women's Athletic Footwear,32,7,11.2,Online,224,11,2020,7,Q4,11/7/2020
Foot Locker,Northeast,New York,New York,Men's Street Footwear,60,1275,38250,Outlet,76500,3,2020,10,Q1,3/10/2020
Foot Locker,Northeast,New York,New York,Men's Street Footwear,60,1250,37500,Outlet,75000,3,2020,4,Q1,3/4/2020
Foot Locker,Northeast,New York,New York,Men's Street Footwear,60,1250,37500,Outlet,75000,3,2020,16,Q1,3/16/2020
Foot Locker,Northeast,New York,New York,Men's Street Footwear,60,1220,36600,Outlet,73200,2,2020,6,Q1,2/6/2020
Walmart,Northeast,New York,New York,Men's Street Footwear,60,1200,36000,Outlet,72000,4,2020,19,Q2,4/19/2020
Walmart,Northeast,New York,New York,Men's Street Footwear,65,1200,39000,Outlet,78000,5,2020,3,Q2,5/3/2020
Walmart,Northeast,New York,New York,Men's Street Footwear,65,1150,37375,Outlet,74750,4,2020,27,Q2,4/27/2020
West Gear,Southeast,Florida,Miami,Men's Street Footwear,65,1150,33637.5,In-store,74750,9,2020,11,Q3,9/11/2020
West Gear,Southeast,Florida,Miami,Men's Street Footwear,65,1125,32906.25,In-store,73125,9,2020,17,Q3,9/17/2020
West Gear,Southeast,Florida,Miami,Women's Apparel,70,975,34125,In-store,68250,9,2020,16,Q3,9/16/2020
West Gear,Southeast,Florida,Miami,Women's Apparel,70,925,32375,In-store,64750,9,2020,10,Q3,9/10/2020
Foot Locker,Northeast,New York,New York,Men's Street Footwear,50,1250,31250,In-store,62500,1,2020,7,Q1,1/7/2020
Foot Locker,Northeast,New York,New York,Men's Street Footwear,50,1220,30500,Outlet,61000,1,2020,25,Q1,1/25/2020
Foot Locker,Northeast,New York,New York,Men's Street Footwear,50,1200,30000,In-store,60000,1,2020,1,Q1,1/1/2020
Foot Locker,Northeast,New York,New York,Men's Street Footwear,50,1200,30000,Outlet,60000,1,2020,31,Q1,1/31/2020
Foot Locker,Northeast,New York,New York,Women's Apparel,65,1100,17875,Outlet,71500,3,2020,15,Q1,3/15/2020
Walmart,South,Texas,Houston,Women's Street Footwear,40,1100,15400,Outlet,44000,8,2020,26,Q3,8/26/2020
Walmart,South,Texas,Houston,Women's Street Footwear,40,1100,15400,Outlet,44000,9,2020,1,Q3,9/1/2020
Foot Locker,Southeast,Florida,Miami,Men's Street Footwear,45,1100,22275,In-store,49500,8,2020,12,Q3,8/12/2020
West Gear,Southeast,Florida,Miami,Men's Street Footwear,60,1075,29025,In-store,64500,4,2020,24,Q2,4/24/2020
Sports Direct,Southeast,Florida,Miami,Men's Street Footwear,65,1075,31443.75,In-store,69875,5,2020,24,Q2,5/24/2020
Walmart,Northeast,New York,New York,Women's Apparel,65,1075,17468.75,Outlet,69875,4,2020,18,Q2,4/18/2020
Foot Locker,Southeast,Florida,Miami,Men's Street Footwear,45,1070,21667.5,In-store,48150,8,2020,18,Q3,8/18/2020
West Gear,Southeast,Florida,Miami,Men's Street Footwear,55,1070,26482.5,In-store,58850,4,2020,24,Q2,4/24/2020
Foot Locker,Northeast,New York,New York,Women's Apparel,65,1050,17062.5,Outlet,68250,3,2020,9,Q1,3/9/2020
Foot Locker,West,Washington,Seattle,Men's Street Footwear,45,1050,21262.5,In-store,47250,8,2020,6,Q3,8/6/2020
Foot Locker,Southeast,Florida,Miami,Men's Street Footwear,55,1050,25987.5,In-store,57750,9,2020,23,Q3,9/23/2020
Foot Locker,Northeast,New York,New York,Men's Athletic Footwear,55,1025,16912.5,Outlet,56375,3,2020,11,Q1,3/11/2020
Foot Locker,Northeast,New York,New York,Men's Athletic Footwear,55,1025,16912.5,Outlet,56375,3,2020,17,Q1,3/17/2020
Foot Locker,Southeast,Florida,Miami,Men's Street Footwear,45,1025,20756.25,In-store,46125,4,2020,24,Q2,4/24/2020
Foot Locker,Northeast,New York,New York,Men's Athletic Footwear,50,1000,15000,In-store,50000,1,2020,2,Q1,1/2/2020
Foot Locker,Northeast,New York,New York,Women's Street Footwear,40,1000,14000,In-store,40000,1,2020,3,Q1,1/3/2020
Foot Locker,Northeast,New York,New York,Women's Apparel,50,1000,12500,In-store,50000,1,2020,6,Q1,1/6/2020
Foot Locker,Northeast,New York,New York,Women's Apparel,50,1000,12500,Outlet,50000,1,2020,24,Q1,1/24/2020
Foot Locker,Northeast,New York,New York,Women's Apparel,65,1000,16250,Outlet,65000,3,2020,3,Q1,3/3/2020
Foot Locker,Northeast,New York,New York,Men's Athletic Footwear,55,1000,16500,Outlet,55000,3,2020,5,Q1,3/5/2020
Walmart,Northeast,New York,New York,Men's Athletic Footwear,55,1000,16500,Outlet,55000,4,2020,20,Q2,4/20/2020
Walmart,Northeast,New York,New York,Women's Apparel,65,1000,16250,Outlet,65000,4,2020,24,Q2,4/24/2020
Walmart,Northeast,New York,New York,Women's Apparel,70,1000,17500,Outlet,70000,4,2020,26,Q2,4/26/2020
Walmart,Northeast,New York,New York,Men's Athletic Footwear,55,1000,16500,Outlet,55000,5,2020,4,Q2,5/4/2020
Walmart,Northeast,New York,New York,Women's Apparel,70,1000,17500,Outlet,70000,7,2020,18,Q3,7/18/2020
Walmart,South,Texas,Houston,Women's Apparel,50,1000,25000,Outlet,50000,8,2020,23,Q3,8/23/2020
Sports Direct,Southeast,Florida,Miami,Men's Street Footwear,60,1000,27000,In-store,60000,9,2020,29,Q3,9/29/2020
Walmart,Northeast,New York,New York,Men's Athletic Footwear,55,975,16087.5,Outlet,53625,4,2020,28,Q2,4/28/2020
Walmart,Northeast,New York,New York,Women's Apparel,70,975,17062.5,Outlet,68250,5,2020,2,Q2,5/2/2020
Walmart,South,Texas,Houston,Women's Apparel,50,975,24375,Outlet,48750,8,2020,29,Q3,8/29/2020
Sports Direct,Southeast,Florida,Miami,Men's Street Footwear,60,975,26325,In-store,58500,10,2020,5,Q4,10/5/2020
Foot Locker,Northeast,New York,New York,Women's Street Footwear,40,950,13300,Outlet,38000,1,2020,21,Q1,1/21/2020
Foot Locker,Northeast,New York,New York,Women's Street Footwear,40,950,13300,Outlet,38000,1,2020,27,Q1,1/27/2020
Foot Locker,Northeast,New York,New York,Women's Apparel,50,950,11875,Outlet,47500,1,2020,30,Q1,1/30/2020
Foot Locker,Northeast,New York,New York,Women's Apparel,50,950,11875,Outlet,47500,2,2020,5,Q1,2/5/2020
Foot Locker,Northeast,New York,New York,Women's Street Footwear,50,950,16625,Outlet,47500,3,2020,12,Q1,3/12/2020
Foot Locker,Northeast,New York,New York,Women's Street Footwear,50,950,16625,Outlet,47500,3,2020,18,Q1,3/18/2020
Walmart,Northeast,New York,New York,Women's Street Footwear,55,950,18287.5,Outlet,52250,5,2020,5,Q2,5/5/2020
Walmart,South,Texas,Houston,Women's Apparel,40,950,19000,Outlet,38000,8,2020,17,Q3,8/17/2020
Walmart,South,Texas,Houston,Men's Street Footwear,40,950,13300,Outlet,38000,8,2020,18,Q3,8/18/2020
Walmart,South,Texas,Houston,Men's Athletic Footwear,45,950,14962.5,Outlet,42750,8,2020,19,Q3,8/19/2020
Walmart,South,Texas,Houston,Men's Street Footwear,40,950,13300,Outlet,38000,8,2020,24,Q3,8/24/2020
Walmart,South,Texas,Houston,Men's Athletic Footwear,45,950,14962.5,Outlet,42750,8,2020,25,Q3,8/25/2020
Walmart,South,Texas,Houston,Men's Street Footwear,45,950,14962.5,Outlet,42750,10,2020,26,Q4,10/26/2020
Walmart,South,Texas,Houston,Men's Athletic Footwear,45,950,14962.5,Outlet,42750,10,2020,27,Q4,10/27/2020
Foot Locker,Northeast,New York,New York,Men's Athletic Footwear,50,925,13875,Outlet,46250,1,2020,26,Q1,1/26/2020
Foot Locker,Northeast,New York,New York,Men's Athletic Footwear,55,925,15262.5,Outlet,50875,2,2020,7,Q1,2/7/2020
Foot Locker,Northeast,New York,New York,Women's Street Footwear,50,925,16187.5,Outlet,46250,3,2020,6,Q1,3/6/2020
Foot Locker,Northeast,New York,New York,Men's Apparel,60,925,16650,Outlet,55500,3,2020,14,Q1,3/14/2020
Foot Locker,Northeast,New York,New York,Women's Athletic Footwear,50,925,16187.5,Outlet,46250,3,2020,31,Q1,3/31/2020
Walmart,Northeast,New York,New York,Women's Street Footwear,50,925,16187.5,Outlet,46250,4,2020,21,Q2,4/21/2020
Walmart,South,Texas,Houston,Men's Street Footwear,30,925,9712.5,Outlet,27750,8,2020,12,Q3,8/12/2020
Walmart,South,Texas,Houston,Men's Athletic Footwear,40,925,12950,Outlet,37000,8,2020,13,Q3,8/13/2020
Walmart,South,Texas,Houston,Men's Street Footwear,40,925,12950,Outlet,37000,8,2020,30,Q3,8/30/2020
Walmart,South,Texas,Houston,Men's Athletic Footwear,45,925,14568.75,Outlet,41625,8,2020,31,Q3,8/31/2020
Foot Locker,Southeast,Florida,Miami,Women's Apparel,60,925,27750,In-store,55500,9,2020,22,Q3,9/22/2020
Walmart,Northeast,New York,New York,Women's Street Footwear,55,920,17710,Outlet,50600,4,2020,29,Q2,4/29/2020
Foot Locker,Northeast,New York,New York,Men's Apparel,60,900,16200,In-store,54000,1,2020,5,Q1,1/5/2020
Foot Locker,Northeast,New York,New York,Men's Athletic Footwear,50,900,13500,Outlet,45000,1,2020,8,Q1,1/8/2020
Foot Locker,Northeast,New York,New York,Men's Apparel,60,900,16200,Outlet,54000,1,2020,23,Q1,1/23/2020
Foot Locker,Northeast,New York,New York,Men's Athletic Footwear,50,900,13500,Outlet,45000,2,2020,1,Q1,2/1/2020
Foot Locker,Northeast,New York,New York,Women's Street Footwear,40,900,12600,Outlet,36000,2,2020,2,Q1,2/2/2020
Foot Locker,Northeast,New York,New York,Women's Street Footwear,50,900,15750,Outlet,45000,2,2020,8,Q1,2/8/2020
Foot Locker,Northeast,New York,New York,Women's Athletic Footwear,50,900,15750,Outlet,45000,3,2020,7,Q1,3/7/2020
Foot Locker,Northeast,New York,New York,Men's Apparel,60,900,16200,Outlet,54000,3,2020,8,Q1,3/8/2020
Foot Locker,Northeast,New York,New York,Women's Athletic Footwear,50,900,15750,Outlet,45000,3,2020,13,Q1,3/13/2020
Walmart,Northeast,New York,New York,Men's Apparel,60,900,16200,Outlet,54000,4,2020,17,Q2,4/17/2020
Walmart,Northeast,New York,New York,Women's Athletic Footwear,50,900,15750,Outlet,45000,4,2020,22,Q2,4/22/2020
Walmart,Northeast,New York,New York,Men's Apparel,60,900,16200,Outlet,54000,4,2020,23,Q2,4/23/2020
Walmart,Northeast,New York,New York,Women's Athletic Footwear,55,900,17325,Outlet,49500,4,2020,30,Q2,4/30/2020
Walmart,Northeast,New York,New York,Women's Athletic Footwear,55,900,17325,Outlet,49500,5,2020,6,Q2,5/6/2020
Walmart,Northeast,New York,New York,Men's Apparel,65,900,17550,Outlet,58500,5,2020,7,Q2,5/7/2020
Sports Direct,Northeast,New York,New York,Men's Street Footwear,25,900,7875,Outlet,22500,7,2020,19,Q3,7/19/2020
Sports Direct,Northeast,New York,New York,Men's Athletic Footwear,35,900,11025,Outlet,31500,7,2020,20,Q3,7/20/2020
Sports Direct,South,Texas,Houston,Men's Street Footwear,30,900,9450,Outlet,27000,8,2020,6,Q3,8/6/2020
Sports Direct,South,Texas,Houston,Men's Athletic Footwear,40,900,12600,Outlet,36000,8,2020,7,Q3,8/7/2020
Walmart,South,Texas,Houston,Women's Apparel,50,900,22500,Outlet,45000,9,2020,4,Q3,9/4/2020
Walmart,South,Texas,Houston,Women's Street Footwear,50,900,15750,Outlet,45000,9,2020,7,Q3,9/7/2020
Walmart,South,Texas,Houston,Men's Street Footwear,45,900,14175,Outlet,40500,10,2020,20,Q4,10/20/2020
Walmart,South,Texas,Houston,Men's Athletic Footwear,45,900,14175,Outlet,40500,10,2020,21,Q4,10/21/2020
Walmart,South,Texas,Houston,Women's Apparel,55,900,24750,Outlet,49500,10,2020,31,Q4,10/31/2020
West Gear,West,California,San Francisco,Men's Street Footwear,60,900,21600,Outlet,54000,12,2020,31,Q4,12/31/2020
West Gear,Southeast,Florida,Miami,Men's Athletic Footwear,60,900,18900,In-store,54000,9,2020,12,Q3,9/12/2020
West Gear,Southeast,Florida,Miami,Men's Athletic Footwear,60,900,18900,In-store,54000,9,2020,18,Q3,9/18/2020
Foot Locker,Northeast,New York,New York,Men's Apparel,60,875,15750,Outlet,52500,2,2020,10,Q1,2/10/2020
Walmart,Northeast,New York,New York,Men's Apparel,65,875,17062.5,Outlet,56875,4,2020,25,Q2,4/25/2020
Walmart,Northeast,New York,New York,Men's Apparel,65,875,17062.5,Outlet,56875,5,2020,1,Q2,5/1/2020
Sports Direct,South,Texas,Houston,Men's Street Footwear,30,875,9187.5,Outlet,26250,7,2020,31,Q3,7/31/2020
West Gear,West,California,San Francisco,Men's Street Footwear,60,875,18375,Outlet,52500,12,2020,25,Q4,12/25/2020
Sports Direct,Southeast,Florida,Miami,Men's Athletic Footwear,55,875,16843.75,In-store,48125,5,2020,24,Q2,5/24/2020
Foot Locker,Southeast,Florida,Miami,Women's Apparel,70,875,30625,In-store,61250,5,2020,24,Q2,5/24/2020
Foot Locker,Northeast,New York,New York,Women's Athletic Footwear,45,850,13387.5,In-store,38250,1,2020,4,Q1,1/4/2020
Foot Locker,Northeast,New York,New York,Women's Athletic Footwear,50,850,14875,Outlet,42500,2,2020,9,Q1,2/9/2020
Sports Direct,South,Texas,Houston,Men's Street Footwear,25,850,7437.5,Outlet,21250,7,2020,25,Q3,7/25/2020
Sports Direct,South,Texas,Houston,Men's Athletic Footwear,35,850,10412.5,Outlet,29750,7,2020,26,Q3,7/26/2020
Walmart,South,Texas,Houston,Men's Street Footwear,45,850,13387.5,Outlet,38250,9,2020,5,Q3,9/5/2020
Walmart,South,Texas,Houston,Men's Athletic Footwear,45,850,13387.5,Outlet,38250,9,2020,6,Q3,9/6/2020
Walmart,South,Texas,Houston,Women's Apparel,55,850,23375,Outlet,46750,9,2020,10,Q3,9/10/2020
Walmart,South,Texas,Houston,Women's Apparel,55,850,23375,Outlet,46750,10,2020,25,Q4,10/25/2020
Walmart,South,Texas,Houston,Women's Street Footwear,50,850,14875,Outlet,42500,10,2020,28,Q4,10/28/2020
West Gear,West,California,San Francisco,Men's Street Footwear,50,850,14875,Outlet,42500,11,2020,13,Q4,11/13/2020
Foot Locker,West,Washington,Seattle,Men's Athletic Footwear,45,850,13387.5,In-store,38250,8,2020,7,Q3,8/7/2020
Foot Locker,West,Washington,Seattle,Women's Street Footwear,35,850,7437.5,In-store,29750,8,2020,8,Q3,8/8/2020
Foot Locker,Southeast,Florida,Miami,Women's Apparel,45,850,19125,In-store,38250,8,2020,11,Q3,8/11/2020
Foot Locker,Southeast,Florida,Miami,Women's Apparel,45,850,19125,In-store,38250,8,2020,17,Q3,8/17/2020
Foot Locker,Southeast,Florida,Miami,Men's Athletic Footwear,50,850,14875,In-store,42500,9,2020,24,Q3,9/24/2020
Sports Direct,Southeast,Florida,Miami,Women's Apparel,70,850,29750,In-store,59500,10,2020,10,Q4,10/10/2020
Foot Locker,Northeast,New York,New York,Women's Athletic Footwear,45,825,12993.75,Outlet,37125,1,2020,22,Q1,1/22/2020
Foot Locker,Northeast,New York,New York,Women's Athletic Footwear,45,825,12993.75,Outlet,37125,2,2020,3,Q1,2/3/2020
Foot Locker,Northeast,New York,New York,Men's Apparel,60,825,14850,Outlet,49500,2,2020,4,Q1,2/4/2020
Walmart,South,Texas,Houston,Women's Street Footwear,50,825,14437.5,Outlet,41250,10,2020,22,Q4,10/22/2020
West Gear,West,California,San Francisco,Men's Street Footwear,40,825,11550,Outlet,33000,11,2020,7,Q4,11/7/2020
West Gear,West,Washington,Seattle,Men's Street Footwear,80,825,19800,In-store,66000,7,2020,1,Q3,7/1/2020
West Gear,Southeast,Florida,Miami,Women's Apparel,65,825,26812.5,In-store,53625,4,2020,24,Q2,4/24/2020
West Gear,Southeast,Florida,Miami,Men's Athletic Footwear,55,825,15881.25,In-store,45375,4,2020,24,Q2,4/24/2020
West Gear,Southeast,Florida,Miami,Women's Street Footwear,55,825,11343.75,In-store,45375,9,2020,13,Q3,9/13/2020
West Gear,Southeast,Florida,Miami,Women's Street Footwear,55,825,11343.75,In-store,45375,9,2020,19,Q3,9/19/2020
Sports Direct,Southeast,Florida,Miami,Women's Apparel,60,825,24750,In-store,49500,9,2020,28,Q3,9/28/2020
Sports Direct,Southeast,Florida,Miami,Men's Athletic Footwear,50,825,14437.5,In-store,41250,9,2020,30,Q3,9/30/2020
Sports Direct,Southeast,Florida,Miami,Women's Apparel,65,825,26812.5,In-store,53625,10,2020,4,Q4,10/4/2020
Sports Direct,Southeast,Florida,Miami,Women's Street Footwear,55,825,11343.75,In-store,45375,5,2020,24,Q2,5/24/2020
Foot Locker,Northeast,New York,New York,Women's Athletic Footwear,45,800,12600,Outlet,36000,1,2020,28,Q1,1/28/2020
Walmart,South,Texas,Houston,Women's Apparel,40,800,16000,Outlet,32000,8,2020,11,Q3,8/11/2020
Walmart,South,Texas,Houston,Women's Street Footwear,40,800,11200,Outlet,32000,8,2020,20,Q3,8/20/2020
Walmart,South,Texas,Houston,Men's Street Footwear,45,800,12600,Outlet,36000,9,2020,11,Q3,9/11/2020
Walmart,South,Texas,Houston,Men's Athletic Footwear,45,800,12600,Outlet,36000,9,2020,12,Q3,9/12/2020
Foot Locker,Southeast,Florida,Miami,Women's Street Footwear,35,800,7000,In-store,28000,8,2020,14,Q3,8/14/2020
West Gear,Southeast,Florida,Miami,Women's Apparel,45,800,18000,In-store,36000,4,2020,24,Q2,4/24/2020
West Gear,Southeast,Florida,Miami,Women's Street Footwear,50,800,10000,In-store,40000,9,2020,7,Q3,9/7/2020
West Gear,Southeast,Florida,Miami,Men's Apparel,65,800,18200,In-store,52000,9,2020,15,Q3,9/15/2020
Sports Direct,Southeast,Florida,Miami,Men's Athletic Footwear,50,800,14000,In-store,40000,10,2020,6,Q4,10/6/2020
Walmart,South,Texas,Houston,Women's Street Footwear,35,775,9493.75,Outlet,27125,8,2020,14,Q3,8/14/2020
West Gear,South,Texas,Houston,Men's Street Footwear,40,775,10850,Outlet,31000,11,2020,1,Q4,11/1/2020
West Gear,South,Texas,Houston,Men's Athletic Footwear,50,775,7750,Outlet,38750,11,2020,2,Q4,11/2/2020
West Gear,South,Texas,Houston,Women's Street Footwear,50,775,13562.5,Outlet,38750,11,2020,3,Q4,11/3/2020
West Gear,West,California,San Francisco,Women's Apparel,50,775,5812.5,Outlet,38750,11,2020,6,Q4,11/6/2020
West Gear,West,Colorado,Denver,Men's Street Footwear,65,775,22668.75,In-store,50375,4,2020,20,Q2,4/20/2020
West Gear,West,Washington,Seattle,Men's Street Footwear,85,775,19762.5,In-store,65875,7,2020,7,Q3,7/7/2020
Foot Locker,Southeast,Florida,Miami,Women's Street Footwear,35,775,6781.25,In-store,27125,8,2020,20,Q3,8/20/2020
Foot Locker,Southeast,Florida,Miami,Women's Apparel,45,775,17437.5,In-store,34875,8,2020,23,Q3,8/23/2020
West Gear,Southeast,Florida,Miami,Men's Athletic Footwear,55,775,14918.75,In-store,42625,4,2020,24,Q2,4/24/2020
West Gear,Southeast,Florida,Miami,Women's Athletic Footwear,50,775,11625,In-store,38750,9,2020,8,Q3,9/8/2020
West Gear,Southeast,Florida,Miami,Men's Apparel,65,775,17631.25,In-store,50375,9,2020,9,Q3,9/9/2020
West Gear,Southeast,Florida,Miami,Women's Athletic Footwear,55,775,12787.5,In-store,42625,9,2020,14,Q3,9/14/2020
Foot Locker,Southeast,Florida,Miami,Women's Athletic Footwear,45,775,10462.5,In-store,34875,9,2020,20,Q3,9/20/2020
Sports Direct,Southeast,Florida,Miami,Women's Athletic Footwear,50,775,11625,In-store,38750,10,2020,8,Q4,10/8/2020
Sports Direct,Southeast,Florida,Miami,Women's Athletic Footwear,55,775,12787.5,In-store,42625,5,2020,24,Q2,5/24/2020
Foot Locker,Southeast,Florida,Miami,Men's Apparel,65,775,17631.25,In-store,50375,5,2020,24,Q2,5/24/2020
Walmart,South,Texas,Houston,Women's Athletic Footwear,40,750,13500,Outlet,30000,8,2020,21,Q3,8/21/2020
Walmart,South,Texas,Houston,Women's Street Footwear,50,750,13125,Outlet,37500,9,2020,13,Q3,9/13/2020
Walmart,South,Texas,Houston,Women's Apparel,55,750,20625,Outlet,41250,9,2020,16,Q3,9/16/2020
West Gear,West,Nevada,Las Vegas,Men's Street Footwear,60,750,18000,Outlet,45000,2,2020,7,Q1,2/7/2020
West Gear,West,Washington,Seattle,Men's Street Footwear,75,750,16875,In-store,56250,6,2020,25,Q2,6/25/2020
West Gear,West,Washington,Seattle,Men's Athletic Footwear,80,750,15000,In-store,60000,7,2020,8,Q3,7/8/2020
West Gear,West,Washington,Seattle,Men's Street Footwear,80,750,18000,In-store,60000,7,2020,31,Q3,7/31/2020
West Gear,West,Washington,Seattle,Men's Athletic Footwear,85,750,15937.5,In-store,63750,8,2020,1,Q3,8/1/2020
Foot Locker,Southeast,Florida,Miami,Men's Apparel,55,750,14437.5,In-store,41250,8,2020,10,Q3,8/10/2020
Foot Locker,Southeast,Florida,Miami,Men's Athletic Footwear,45,750,11812.5,In-store,33750,8,2020,13,Q3,8/13/2020
Foot Locker,Southeast,Florida,Miami,Men's Apparel,55,750,14437.5,In-store,41250,8,2020,16,Q3,8/16/2020
Foot Locker,Southeast,Florida,Miami,Men's Athletic Footwear,45,750,11812.5,In-store,33750,8,2020,19,Q3,8/19/2020
West Gear,Southeast,Florida,Miami,Women's Street Footwear,50,750,9375,In-store,37500,4,2020,24,Q2,4/24/2020
Foot Locker,Southeast,Florida,Miami,Men's Apparel,55,750,14437.5,In-store,41250,9,2020,21,Q3,9/21/2020
Sports Direct,Southeast,Florida,Miami,Women's Street Footwear,45,750,8437.5,In-store,33750,9,2020,25,Q3,9/25/2020
Sports Direct,Southeast,Florida,Miami,Men's Apparel,65,750,17062.5,In-store,48750,10,2020,9,Q4,10/9/2020
Sports Direct,Southeast,Florida,Miami,Women's Street Footwear,50,745,9312.5,In-store,37250,10,2020,7,Q4,10/7/2020
Sports Direct,South,Texas,Houston,Women's Street Footwear,35,725,8881.25,Outlet,25375,8,2020,8,Q3,8/8/2020
West Gear,West,California,San Francisco,Men's Athletic Footwear,50,725,7250,Outlet,36250,11,2020,8,Q4,11/8/2020
West Gear,West,California,San Francisco,Women's Street Footwear,50,725,12687.5,Outlet,36250,11,2020,9,Q4,11/9/2020
West Gear,West,California,San Francisco,Women's Street Footwear,65,725,16493.75,Outlet,47125,12,2020,27,Q4,12/27/2020
West Gear,West,Colorado,Denver,Men's Street Footwear,60,725,21750,In-store,43500,4,2020,14,Q2,4/14/2020
West Gear,West,Colorado,Denver,Men's Street Footwear,70,725,22837.5,In-store,50750,4,2020,26,Q2,4/26/2020
Foot Locker,Southeast,Florida,Miami,Men's Athletic Footwear,45,725,11418.75,In-store,32625,4,2020,24,Q2,4/24/2020
West Gear,Southeast,Florida,Miami,Women's Street Footwear,35,725,6343.75,In-store,25375,4,2020,24,Q2,4/24/2020
West Gear,Southeast,Florida,Miami,Men's Apparel,60,725,15225,In-store,43500,4,2020,24,Q2,4/24/2020
Sports Direct,Southeast,Florida,Miami,Women's Athletic Footwear,45,725,9787.5,In-store,32625,9,2020,26,Q3,9/26/2020
Sports Direct,Southeast,Florida,Miami,Men's Apparel,55,725,13956.25,In-store,39875,9,2020,27,Q3,9/27/2020
Sports Direct,Southeast,Florida,Miami,Women's Street Footwear,50,725,9062.5,In-store,36250,10,2020,1,Q4,10/1/2020
Sports Direct,Northeast,New York,New York,Women's Street Footwear,35,700,8575,Outlet,24500,7,2020,21,Q3,7/21/2020
Sports Direct,Northeast,New York,New York,Women's Athletic Footwear,35,700,11025,Outlet,24500,7,2020,22,Q3,7/22/2020
Sports Direct,South,Texas,Houston,Women's Apparel,35,700,12250,Outlet,24500,7,2020,24,Q3,7/24/2020
Sports Direct,South,Texas,Houston,Women's Apparel,35,700,12250,Outlet,24500,7,2020,30,Q3,7/30/2020
Sports Direct,South,Texas,Houston,Women's Street Footwear,35,700,8575,Outlet,24500,8,2020,2,Q3,8/2/2020
Walmart,South,Texas,Houston,Women's Athletic Footwear,40,700,12600,Outlet,28000,8,2020,15,Q3,8/15/2020
Walmart,South,Texas,Houston,Women's Athletic Footwear,40,700,12600,Outlet,28000,8,2020,27,Q3,8/27/2020
Walmart,South,Texas,Houston,Men's Apparel,45,700,9450,Outlet,31500,8,2020,28,Q3,8/28/2020
Walmart,South,Texas,Houston,Women's Athletic Footwear,50,700,15750,Outlet,35000,10,2020,29,Q4,10/29/2020
West Gear,West,California,San Francisco,Women's Apparel,50,700,5250,Outlet,35000,11,2020,12,Q4,11/12/2020
West Gear,West,California,San Francisco,Men's Athletic Footwear,60,700,8400,Outlet,42000,11,2020,14,Q4,11/14/2020
West Gear,West,California,San Francisco,Women's Street Footwear,60,700,14700,Outlet,42000,11,2020,15,Q4,11/15/2020
West Gear,West,California,San Francisco,Women's Apparel,60,700,6300,Outlet,42000,12,2020,24,Q4,12/24/2020
West Gear,West,Nevada,Las Vegas,Men's Street Footwear,60,700,18900,Outlet,42000,2,2020,1,Q1,2/1/2020
West Gear,West,Nevada,Las Vegas,Men's Street Footwear,65,700,18200,In-store,45500,2,2020,13,Q1,2/13/2020
West Gear,West,Colorado,Denver,Men's Street Footwear,65,700,18200,In-store,45500,5,2020,20,Q2,5/20/2020
West Gear,West,Colorado,Denver,Men's Athletic Footwear,70,700,12250,In-store,49000,5,2020,21,Q2,5/21/2020
Foot Locker,West,Washington,Seattle,Women's Athletic Footwear,40,700,8400,In-store,28000,8,2020,9,Q3,8/9/2020
West Gear,Southeast,Florida,Miami,Women's Athletic Footwear,50,700,10500,In-store,35000,4,2020,24,Q2,4/24/2020
Sports Direct,Southeast,Florida,Miami,Women's Athletic Footwear,50,700,10500,In-store,35000,10,2020,2,Q4,10/2/2020
Sports Direct,Southeast,Florida,Miami,Men's Apparel,60,700,14700,In-store,42000,10,2020,3,Q4,10/3/2020
Walmart,South,Texas,Houston,Women's Athletic Footwear,50,675,15187.5,Outlet,33750,10,2020,23,Q4,10/23/2020
West Gear,West,California,San Francisco,Men's Athletic Footwear,65,675,8775,Outlet,43875,12,2020,26,Q4,12/26/2020
West Gear,West,Nevada,Las Vegas,Men's Street Footwear,60,675,14175,In-store,40500,3,2020,9,Q1,3/9/2020
West Gear,West,Nevada,Las Vegas,Men's Athletic Footwear,65,675,8775,In-store,43875,3,2020,10,Q1,3/10/2020
West Gear,West,Colorado,Denver,Men's Athletic Footwear,75,675,15187.5,In-store,50625,4,2020,27,Q2,4/27/2020
West Gear,West,Washington,Seattle,Women's Apparel,100,675,13500,In-store,67500,6,2020,30,Q2,6/30/2020
West Gear,West,Washington,Seattle,Men's Athletic Footwear,85,675,14343.75,In-store,57375,7,2020,2,Q3,7/2/2020
West Gear,Southeast,Florida,Miami,Women's Athletic Footwear,40,675,8100,In-store,27000,8,2020,15,Q3,8/15/2020
Foot Locker,Southeast,Florida,Miami,Men's Apparel,55,675,12993.75,In-store,37125,8,2020,22,Q3,8/22/2020
West Gear,Southeast,Florida,Miami,Men's Apparel,55,675,12993.75,In-store,37125,4,2020,24,Q2,4/24/2020
Sports Direct,South,Texas,Houston,Women's Apparel,40,650,13000,Outlet,26000,8,2020,5,Q3,8/5/2020
Walmart,South,Texas,Houston,Men's Apparel,45,650,8775,Outlet,29250,8,2020,22,Q3,8/22/2020
Walmart,South,Texas,Houston,Women's Athletic Footwear,40,650,11700,Outlet,26000,9,2020,2,Q3,9/2/2020
Walmart,South,Texas,Houston,Men's Apparel,45,650,8775,Outlet,29250,9,2020,3,Q3,9/3/2020
Walmart,South,Texas,Houston,Men's Apparel,45,650,8775,Outlet,29250,10,2020,24,Q4,10/24/2020
Walmart,South,Texas,Houston,Men's Apparel,45,650,8775,Outlet,29250,10,2020,30,Q4,10/30/2020
West Gear,West,Nevada,Las Vegas,Men's Athletic Footwear,70,650,11375,In-store,45500,2,2020,14,Q1,2/14/2020
West Gear,Southeast,Florida,Miami,Women's Athletic Footwear,40,650,7800,In-store,26000,4,2020,24,Q2,4/24/2020
Sports Direct,South,Texas,Houston,Women's Athletic Footwear,35,625,9843.75,Outlet,21875,7,2020,28,Q3,7/28/2020
Sports Direct,South,Texas,Houston,Women's Athletic Footwear,40,625,11250,Outlet,25000,8,2020,9,Q3,8/9/2020
Walmart,South,Texas,Houston,Women's Athletic Footwear,50,625,14062.5,Outlet,31250,9,2020,8,Q3,9/8/2020
Walmart,South,Texas,Houston,Men's Apparel,45,625,8437.5,Outlet,28125,9,2020,9,Q3,9/9/2020
West Gear,South,Texas,Houston,Women's Athletic Footwear,50,625,9375,Outlet,31250,11,2020,4,Q4,11/4/2020
West Gear,West,California,San Francisco,Women's Athletic Footwear,60,625,11250,Outlet,37500,12,2020,28,Q4,12/28/2020
West Gear,West,Colorado,Denver,Women's Apparel,85,625,15937.5,In-store,53125,4,2020,19,Q2,4/19/2020
West Gear,West,Colorado,Denver,Men's Athletic Footwear,70,625,13125,In-store,43750,4,2020,21,Q2,4/21/2020
West Gear,West,Washington,Seattle,Men's Athletic Footwear,80,625,12500,In-store,50000,6,2020,26,Q2,6/26/2020
West Gear,West,Washington,Seattle,Women's Street Footwear,80,625,12500,In-store,50000,6,2020,27,Q2,6/27/2020
West Gear,West,Washington,Seattle,Women's Street Footwear,85,625,13281.25,In-store,53125,7,2020,3,Q3,7/3/2020
West Gear,West,Washington,Seattle,Women's Street Footwear,75,625,11718.75,In-store,46875,7,2020,9,Q3,7/9/2020
West Gear,West,Washington,Seattle,Men's Athletic Footwear,65,625,10156.25,In-store,40625,7,2020,26,Q3,7/26/2020
Foot Locker,Southeast,Florida,Miami,Women's Athletic Footwear,40,625,7500,In-store,25000,8,2020,21,Q3,8/21/2020
Sports Direct,South,Texas,Houston,Women's Athletic Footwear,40,600,10800,Outlet,24000,8,2020,3,Q3,8/3/2020
Walmart,South,Texas,Houston,Men's Apparel,45,600,8100,Outlet,27000,8,2020,16,Q3,8/16/2020
Walmart,South,Texas,Houston,Women's Athletic Footwear,50,600,13500,Outlet,30000,9,2020,14,Q3,9/14/2020
West Gear,West,California,San Francisco,Women's Athletic Footwear,60,600,10800,Outlet,36000,12,2020,22,Q4,12/22/2020
West Gear,West,Nevada,Las Vegas,Women's Apparel,80,600,12000,Outlet,48000,2,2020,6,Q1,2/6/2020
West Gear,West,Nevada,Las Vegas,Men's Athletic Footwear,65,600,9750,Outlet,39000,2,2020,8,Q1,2/8/2020
West Gear,West,Nevada,Las Vegas,Men's Street Footwear,60,600,12600,In-store,36000,2,2020,19,Q1,2/19/2020
West Gear,West,Nevada,Las Vegas,Men's Athletic Footwear,65,600,7800,In-store,39000,2,2020,20,Q1,2/20/2020
West Gear,West,Colorado,Denver,Men's Street Footwear,65,600,15600,In-store,39000,5,2020,2,Q2,5/2/2020
West Gear,West,Colorado,Denver,Men's Athletic Footwear,70,600,10500,In-store,42000,5,2020,3,Q2,5/3/2020
West Gear,West,Washington,Seattle,Men's Street Footwear,70,600,12600,In-store,42000,7,2020,13,Q3,7/13/2020
West Gear,West,Washington,Seattle,Men's Athletic Footwear,75,600,11250,In-store,45000,7,2020,14,Q3,7/14/2020
West Gear,West,Washington,Seattle,Men's Street Footwear,60,600,10800,In-store,36000,7,2020,25,Q3,7/25/2020
Walmart,South,Texas,Houston,Men's Apparel,45,575,7762.5,Outlet,25875,9,2020,15,Q3,9/15/2020
West Gear,West,California,San Francisco,Men's Apparel,55,575,15812.5,Outlet,31625,11,2020,5,Q4,11/5/2020
West Gear,West,California,San Francisco,Women's Athletic Footwear,50,575,8625,Outlet,28750,11,2020,10,Q4,11/10/2020
West Gear,West,Nevada,Las Vegas,Men's Street Footwear,60,575,12075,In-store,34500,3,2020,3,Q1,3/3/2020
West Gear,West,Nevada,Las Vegas,Men's Athletic Footwear,65,575,7475,In-store,37375,3,2020,4,Q1,3/4/2020
West Gear,West,Colorado,Denver,Men's Athletic Footwear,65,575,13081.25,In-store,37375,4,2020,15,Q2,4/15/2020
West Gear,West,Colorado,Denver,Women's Street Footwear,65,575,18687.5,In-store,37375,4,2020,16,Q2,4/16/2020
West Gear,West,Colorado,Denver,Women's Street Footwear,70,575,18112.5,In-store,40250,4,2020,22,Q2,4/22/2020
West Gear,West,Colorado,Denver,Men's Street Footwear,55,575,12650,In-store,31625,5,2020,14,Q2,5/14/2020
West Gear,West,Colorado,Denver,Men's Athletic Footwear,60,575,8625,In-store,34500,5,2020,15,Q2,5/15/2020
West Gear,West,Washington,Seattle,Men's Street Footwear,50,575,8625,In-store,28750,6,2020,7,Q2,6/7/2020
West Gear,West,Washington,Seattle,Men's Apparel,85,575,12218.75,In-store,48875,7,2020,5,Q3,7/5/2020
West Gear,West,Washington,Seattle,Women's Apparel,100,575,11500,In-store,57500,7,2020,6,Q3,7/6/2020
West Gear,West,Washington,Seattle,Women's Athletic Footwear,75,575,12937.5,In-store,43125,7,2020,10,Q3,7/10/2020
West Gear,West,Washington,Seattle,Men's Apparel,75,575,10781.25,In-store,43125,7,2020,11,Q3,7/11/2020
West Gear,West,Washington,Seattle,Women's Apparel,95,575,10925,In-store,54625,8,2020,5,Q3,8/5/2020
Sports Direct,South,Texas,Houston,Men's Apparel,40,550,6600,Outlet,22000,7,2020,23,Q3,7/23/2020
West Gear,West,Nevada,Las Vegas,Men's Street Footwear,45,550,9900,Outlet,24750,1,2020,14,Q1,1/14/2020
West Gear,West,Nevada,Las Vegas,Men's Street Footwear,60,550,13200,Outlet,33000,1,2020,20,Q1,1/20/2020
West Gear,West,Nevada,Las Vegas,Men's Street Footwear,60,550,14850,Outlet,33000,1,2020,26,Q1,1/26/2020
West Gear,West,Nevada,Las Vegas,Men's Athletic Footwear,65,550,10725,Outlet,35750,2,2020,2,Q1,2/2/2020
West Gear,West,Nevada,Las Vegas,Women's Street Footwear,65,550,16087.5,Outlet,35750,2,2020,3,Q1,2/3/2020
West Gear,West,Nevada,Las Vegas,Women's Street Footwear,65,550,14300,In-store,35750,2,2020,9,Q1,2/9/2020
West Gear,West,Nevada,Las Vegas,Men's Street Footwear,60,550,11550,In-store,33000,2,2020,25,Q1,2/25/2020
West Gear,West,Nevada,Las Vegas,Men's Athletic Footwear,65,550,7150,In-store,35750,2,2020,26,Q1,2/26/2020
West Gear,West,Colorado,Denver,Men's Street Footwear,40,550,7700,In-store,22000,3,2020,27,Q1,3/27/2020
West Gear,West,Colorado,Denver,Women's Street Footwear,70,550,17325,In-store,38500,4,2020,28,Q2,4/28/2020
West Gear,West,Washington,Seattle,Men's Street Footwear,40,550,6600,In-store,22000,6,2020,1,Q2,6/1/2020
West Gear,West,Washington,Seattle,Men's Street Footwear,70,550,11550,In-store,38500,6,2020,13,Q2,6/13/2020
West Gear,West,Washington,Seattle,Men's Street Footwear,60,550,9900,In-store,33000,6,2020,19,Q2,6/19/2020
West Gear,West,Washington,Seattle,Men's Street Footwear,60,550,9900,In-store,33000,7,2020,19,Q3,7/19/2020
West Gear,West,Washington,Seattle,Men's Athletic Footwear,65,550,8937.5,In-store,35750,7,2020,20,Q3,7/20/2020
West Gear,West,Washington,Seattle,Women's Apparel,95,550,10450,In-store,52250,7,2020,30,Q3,7/30/2020
West Gear,West,Washington,Seattle,Women's Street Footwear,80,550,11000,In-store,44000,8,2020,2,Q3,8/2/2020
West Gear,West,Washington,Seattle,Women's Athletic Footwear,80,550,13200,In-store,44000,8,2020,3,Q3,8/3/2020
Foot Locker,Midwest,Minnesota,Minneapolis,Men's Street Footwear,50,550,9625,Outlet,27500,11,2020,22,Q4,11/22/2020
Walmart,South,Texas,Houston,Men's Apparel,45,525,7087.5,Outlet,23625,8,2020,10,Q3,8/10/2020
West Gear,West,California,San Francisco,Men's Apparel,65,525,17062.5,Outlet,34125,12,2020,29,Q4,12/29/2020
West Gear,West,Nevada,Las Vegas,Men's Street Footwear,35,525,7350,Outlet,18375,1,2020,8,Q1,1/8/2020
West Gear,West,Nevada,Las Vegas,Women's Street Footwear,65,525,13650,In-store,34125,2,2020,15,Q1,2/15/2020
West Gear,West,Colorado,Denver,Men's Street Footwear,30,525,5512.5,In-store,15750,3,2020,21,Q1,3/21/2020
West Gear,West,Colorado,Denver,Men's Street Footwear,60,525,11025,In-store,31500,4,2020,2,Q2,4/2/2020
West Gear,West,Colorado,Denver,Men's Street Footwear,60,525,15750,In-store,31500,4,2020,8,Q2,4/8/2020
West Gear,West,Colorado,Denver,Men's Apparel,70,525,22050,In-store,36750,4,2020,24,Q2,4/24/2020
West Gear,West,Colorado,Denver,Women's Apparel,85,525,11156.25,In-store,44625,4,2020,25,Q2,4/25/2020
West Gear,West,Colorado,Denver,Men's Street Footwear,55,525,11550,In-store,28875,5,2020,8,Q2,5/8/2020
West Gear,West,Colorado,Denver,Men's Athletic Footwear,60,525,7875,In-store,31500,5,2020,9,Q2,5/9/2020
West Gear,West,Colorado,Denver,Women's Apparel,80,525,8400,In-store,42000,5,2020,25,Q2,5/25/2020
West Gear,West,Washington,Seattle,Women's Athletic Footwear,80,525,12600,In-store,42000,7,2020,4,Q3,7/4/2020
Foot Locker,Midwest,Minnesota,Minneapolis,Men's Street Footwear,50,525,9187.5,Outlet,26250,11,2020,28,Q4,11/28/2020
Sports Direct,South,Texas,Houston,Men's Apparel,45,500,6750,Outlet,22500,8,2020,4,Q3,8/4/2020
West Gear,West,California,San Francisco,Men's Apparel,55,500,13750,Outlet,27500,11,2020,11,Q4,11/11/2020
West Gear,West,California,San Francisco,Men's Apparel,65,500,16250,Outlet,32500,12,2020,23,Q4,12/23/2020
West Gear,West,Nevada,Las Vegas,Men's Apparel,65,500,17875,In-store,32500,2,2020,11,Q1,2/11/2020
West Gear,West,Nevada,Las Vegas,Women's Apparel,80,500,8000,In-store,40000,2,2020,12,Q1,2/12/2020
West Gear,West,Nevada,Las Vegas,Women's Apparel,75,500,5625,In-store,37500,3,2020,14,Q1,3/14/2020
West Gear,West,Colorado,Denver,Women's Athletic Footwear,70,500,14000,In-store,35000,4,2020,29,Q2,4/29/2020
West Gear,West,Colorado,Denver,Men's Apparel,75,500,22500,In-store,37500,4,2020,30,Q2,4/30/2020
West Gear,West,Colorado,Denver,Women's Apparel,80,500,8000,In-store,40000,5,2020,19,Q2,5/19/2020
West Gear,West,Colorado,Denver,Women's Street Footwear,65,500,13000,In-store,32500,5,2020,22,Q2,5/22/2020
West Gear,West,Colorado,Denver,Women's Athletic Footwear,65,500,11375,In-store,32500,5,2020,23,Q2,5/23/2020
West Gear,West,Washington,Seattle,Women's Apparel,50,500,5000,In-store,25000,5,2020,31,Q2,5/31/2020
West Gear,West,Washington,Seattle,Women's Apparel,80,500,8000,In-store,40000,6,2020,24,Q2,6/24/2020
West Gear,West,Washington,Seattle,Women's Athletic Footwear,80,500,12000,In-store,40000,6,2020,28,Q2,6/28/2020
Foot Locker,Midwest,Minnesota,Minneapolis,Men's Street Footwear,35,500,6125,In-store,17500,10,2020,23,Q4,10/23/2020
West Gear,West,Nevada,Las Vegas,Women's Apparel,45,475,4275,Outlet,21375,1,2020,7,Q1,1/7/2020
West Gear,West,Nevada,Las Vegas,Women's Athletic Footwear,65,475,10806.25,In-store,30875,2,2020,16,Q1,2/16/2020
West Gear,West,Nevada,Las Vegas,Men's Apparel,75,475,19593.75,In-store,35625,2,2020,17,Q1,2/17/2020
West Gear,West,Nevada,Las Vegas,Women's Apparel,75,475,5343.75,In-store,35625,3,2020,8,Q1,3/8/2020
West Gear,West,Nevada,Las Vegas,Women's Street Footwear,60,475,9975,In-store,28500,3,2020,11,Q1,3/11/2020
West Gear,West,Nevada,Las Vegas,Women's Athletic Footwear,60,475,8550,In-store,28500,3,2020,12,Q1,3/12/2020
West Gear,West,Colorado,Denver,Women's Apparel,40,475,2850,In-store,19000,3,2020,20,Q1,3/20/2020
West Gear,West,Colorado,Denver,Women's Apparel,80,475,11400,In-store,38000,4,2020,13,Q2,4/13/2020
West Gear,West,Colorado,Denver,Women's Athletic Footwear,65,475,12350,In-store,30875,4,2020,23,Q2,4/23/2020
West Gear,West,Washington,Seattle,Women's Street Footwear,60,475,7125,In-store,28500,7,2020,27,Q3,7/27/2020
West Gear,West,Washington,Seattle,Men's Apparel,90,475,10687.5,In-store,42750,8,2020,4,Q3,8/4/2020
Foot Locker,Midwest,Minnesota,Minneapolis,Men's Street Footwear,55,475,9143.75,Outlet,26125,12,2020,22,Q4,12/22/2020
Kohl's,Midwest,Minnesota,Minneapolis,Men's Street Footwear,35,475,7481.25,Outlet,16625,12,2020,28,Q4,12/28/2020
Kohl's,Midwest,Minnesota,Minneapolis,Men's Athletic Footwear,45,475,6412.5,Outlet,21375,12,2020,29,Q4,12/29/2020
Kohl's,Midwest,Minnesota,Minneapolis,Women's Street Footwear,45,475,9618.75,Outlet,21375,12,2020,30,Q4,12/30/2020
West Gear,Northeast,Pennsylvania,Philadelphia,Men's Street Footwear,35,450,6300,Outlet,15750,1,2020,2,Q1,1/2/2020
West Gear,Northeast,Pennsylvania,Philadelphia,Men's Athletic Footwear,45,450,5062.5,Outlet,20250,1,2020,3,Q1,1/3/2020
West Gear,Northeast,Pennsylvania,Philadelphia,Women's Street Footwear,45,450,8100,Outlet,20250,1,2020,4,Q1,1/4/2020
West Gear,West,Nevada,Las Vegas,Women's Apparel,80,450,9000,Outlet,36000,1,2020,31,Q1,1/31/2020
West Gear,West,Nevada,Las Vegas,Women's Athletic Footwear,60,450,9450,In-store,27000,2,2020,10,Q1,2/10/2020
West Gear,West,Nevada,Las Vegas,Women's Street Footwear,60,450,9450,In-store,27000,2,2020,21,Q1,2/21/2020
West Gear,West,Nevada,Las Vegas,Women's Apparel,75,450,5062.5,In-store,33750,2,2020,24,Q1,2/24/2020
West Gear,West,Colorado,Denver,Women's Athletic Footwear,65,450,13162.5,In-store,29250,4,2020,17,Q2,4/17/2020
West Gear,West,Colorado,Denver,Women's Street Footwear,65,450,11700,In-store,29250,5,2020,4,Q2,5/4/2020
West Gear,West,Colorado,Denver,Men's Street Footwear,40,450,5400,In-store,18000,5,2020,26,Q2,5/26/2020
West Gear,West,Colorado,Denver,Men's Athletic Footwear,50,450,5625,In-store,22500,5,2020,27,Q2,5/27/2020
West Gear,West,Colorado,Denver,Women's Street Footwear,50,450,5625,In-store,22500,5,2020,28,Q2,5/28/2020
West Gear,West,Washington,Seattle,Men's Athletic Footwear,50,450,5625,In-store,22500,6,2020,2,Q2,6/2/2020
West Gear,West,Washington,Seattle,Women's Street Footwear,50,450,5625,In-store,22500,6,2020,3,Q2,6/3/2020
West Gear,West,Washington,Seattle,Women's Street Footwear,70,450,7875,In-store,31500,7,2020,15,Q3,7/15/2020
West Gear,West,Washington,Seattle,Women's Apparel,65,450,5850,In-store,29250,7,2020,18,Q3,7/18/2020
West Gear,West,Washington,Seattle,Women's Athletic Footwear,70,450,9450,In-store,31500,7,2020,28,Q3,7/28/2020
Foot Locker,Southeast,Florida,Miami,Men's Street Footwear,35,450,5512.5,In-store,15750,10,2020,17,Q4,10/17/2020
Foot Locker,Midwest,Minnesota,Minneapolis,Men's Street Footwear,45,450,7087.5,Outlet,20250,12,2020,4,Q4,12/4/2020
Foot Locker,Midwest,Minnesota,Minneapolis,Men's Street Footwear,40,445,6230,In-store,17800,10,2020,29,Q4,10/29/2020
Foot Locker,Midwest,Minnesota,Minneapolis,Men's Street Footwear,50,445,7787.5,In-store,22250,11,2020,10,Q4,11/10/2020
West Gear,West,Nevada,Las Vegas,Men's Athletic Footwear,45,425,4781.25,Outlet,19125,1,2020,9,Q1,1/9/2020
West Gear,West,Nevada,Las Vegas,Women's Street Footwear,45,425,7650,Outlet,19125,1,2020,10,Q1,1/10/2020
West Gear,West,Nevada,Las Vegas,Women's Athletic Footwear,60,425,10200,Outlet,25500,2,2020,4,Q1,2/4/2020
West Gear,West,Nevada,Las Vegas,Women's Street Footwear,60,425,8925,In-store,25500,3,2020,5,Q1,3/5/2020
West Gear,West,Nevada,Las Vegas,Men's Street Footwear,30,425,4462.5,In-store,12750,3,2020,15,Q1,3/15/2020
West Gear,West,Nevada,Las Vegas,Men's Athletic Footwear,40,425,3400,In-store,17000,3,2020,16,Q1,3/16/2020
West Gear,West,Nevada,Las Vegas,Women's Street Footwear,40,425,5950,In-store,17000,3,2020,17,Q1,3/17/2020
West Gear,West,Colorado,Denver,Men's Athletic Footwear,40,425,3400,In-store,17000,3,2020,22,Q1,3/22/2020
West Gear,West,Colorado,Denver,Women's Street Footwear,40,425,5950,In-store,17000,3,2020,23,Q1,3/23/2020
West Gear,West,Colorado,Denver,Women's Apparel,70,425,5950,In-store,29750,5,2020,7,Q2,5/7/2020
West Gear,West,Colorado,Denver,Women's Street Footwear,55,425,9350,In-store,23375,5,2020,16,Q2,5/16/2020
West Gear,West,Colorado,Denver,Men's Apparel,75,425,17531.25,In-store,31875,5,2020,24,Q2,5/24/2020
West Gear,West,Washington,Seattle,Women's Apparel,50,425,4250,In-store,21250,6,2020,6,Q2,6/6/2020
West Gear,West,Washington,Seattle,Men's Athletic Footwear,60,425,6375,In-store,25500,6,2020,8,Q2,6/8/2020
West Gear,West,Washington,Seattle,Women's Street Footwear,65,425,6906.25,In-store,27625,6,2020,9,Q2,6/9/2020
West Gear,West,Washington,Seattle,Men's Apparel,80,425,8500,In-store,34000,7,2020,17,Q3,7/17/2020
West Gear,West,Washington,Seattle,Men's Apparel,90,425,9562.5,In-store,38250,7,2020,29,Q3,7/29/2020
Foot Locker,Midwest,Minnesota,Minneapolis,Men's Street Footwear,45,425,6693.75,Outlet,19125,11,2020,16,Q4,11/16/2020
West Gear,West,Nevada,Las Vegas,Women's Apparel,45,400,3600,Outlet,18000,1,2020,13,Q1,1/13/2020
West Gear,West,Nevada,Las Vegas,Men's Athletic Footwear,55,400,5500,Outlet,22000,1,2020,15,Q1,1/15/2020
West Gear,West,Nevada,Las Vegas,Women's Street Footwear,55,400,8800,Outlet,22000,1,2020,16,Q1,1/16/2020
West Gear,West,Nevada,Las Vegas,Women's Street Footwear,65,400,10400,Outlet,26000,1,2020,22,Q1,1/22/2020
West Gear,West,Nevada,Las Vegas,Men's Athletic Footwear,65,400,7800,Outlet,26000,1,2020,27,Q1,1/27/2020
West Gear,West,Nevada,Las Vegas,Women's Street Footwear,65,400,11700,Outlet,26000,1,2020,28,Q1,1/28/2020
West Gear,West,Nevada,Las Vegas,Women's Apparel,80,400,6400,In-store,32000,2,2020,18,Q1,2/18/2020
West Gear,West,Nevada,Las Vegas,Women's Athletic Footwear,60,400,7200,In-store,24000,2,2020,22,Q1,2/22/2020
West Gear,West,Nevada,Las Vegas,Men's Apparel,70,400,14000,In-store,28000,2,2020,23,Q1,2/23/2020
West Gear,West,Nevada,Las Vegas,Women's Athletic Footwear,60,400,7200,In-store,24000,3,2020,6,Q1,3/6/2020
West Gear,West,Nevada,Las Vegas,Men's Apparel,70,400,14000,In-store,28000,3,2020,13,Q1,3/13/2020
West Gear,West,Colorado,Denver,Women's Apparel,40,400,2400,In-store,16000,3,2020,26,Q1,3/26/2020
West Gear,West,Colorado,Denver,Men's Athletic Footwear,50,400,4000,In-store,20000,3,2020,28,Q1,3/28/2020
West Gear,West,Colorado,Denver,Women's Street Footwear,55,400,7700,In-store,22000,3,2020,29,Q1,3/29/2020
West Gear,West,Colorado,Denver,Women's Apparel,80,400,8000,In-store,32000,5,2020,1,Q2,5/1/2020
West Gear,West,Colorado,Denver,Women's Athletic Footwear,65,400,9100,In-store,26000,5,2020,5,Q2,5/5/2020
West Gear,West,Colorado,Denver,Men's Apparel,75,400,16500,In-store,30000,5,2020,6,Q2,5/6/2020
West Gear,West,Colorado,Denver,Women's Athletic Footwear,65,400,9100,In-store,26000,5,2020,17,Q2,5/17/2020
West Gear,West,Washington,Seattle,Women's Street Footwear,75,400,7500,In-store,30000,6,2020,15,Q2,6/15/2020
West Gear,West,Washington,Seattle,Men's Athletic Footwear,65,400,6500,In-store,26000,6,2020,20,Q2,6/20/2020
West Gear,West,Washington,Seattle,Women's Street Footwear,65,400,6500,In-store,26000,6,2020,21,Q2,6/21/2020
West Gear,West,Washington,Seattle,Women's Apparel,80,400,6400,In-store,32000,7,2020,12,Q3,7/12/2020
West Gear,West,Washington,Seattle,Women's Athletic Footwear,70,400,8400,In-store,28000,7,2020,16,Q3,7/16/2020
Foot Locker,Midwest,Minnesota,Minneapolis,Men's Street Footwear,40,400,5600,In-store,16000,11,2020,4,Q4,11/4/2020
West Gear,West,Nevada,Las Vegas,Women's Apparel,55,375,4125,Outlet,20625,1,2020,19,Q1,1/19/2020
West Gear,West,Nevada,Las Vegas,Women's Street Footwear,60,375,7875,In-store,22500,2,2020,27,Q1,2/27/2020
West Gear,West,Nevada,Las Vegas,Women's Apparel,75,375,4218.75,In-store,28125,3,2020,2,Q1,3/2/2020
West Gear,West,Colorado,Denver,Women's Street Footwear,65,375,8531.25,In-store,24375,4,2020,4,Q2,4/4/2020
West Gear,West,Colorado,Denver,Men's Athletic Footwear,65,375,8531.25,In-store,24375,4,2020,9,Q2,4/9/2020
West Gear,West,Colorado,Denver,Women's Street Footwear,65,375,12187.5,In-store,24375,4,2020,10,Q2,4/10/2020
West Gear,West,Colorado,Denver,Men's Apparel,75,375,15468.75,In-store,28125,5,2020,18,Q2,5/18/2020
West Gear,West,Washington,Seattle,Women's Apparel,65,375,4875,In-store,24375,6,2020,12,Q2,6/12/2020
West Gear,West,Washington,Seattle,Men's Apparel,85,375,7968.75,In-store,31875,6,2020,29,Q2,6/29/2020
West Gear,West,Washington,Seattle,Women's Street Footwear,60,375,5625,In-store,22500,7,2020,21,Q3,7/21/2020
West Gear,West,Washington,Seattle,Women's Apparel,75,375,5625,In-store,28125,7,2020,24,Q3,7/24/2020
Foot Locker,Midwest,Minnesota,Minneapolis,Women's Apparel,55,375,9281.25,Outlet,20625,11,2020,27,Q4,11/27/2020
Foot Locker,Midwest,Minnesota,Minneapolis,Men's Street Footwear,45,375,5906.25,Outlet,16875,12,2020,10,Q4,12/10/2020
West Gear,West,Nevada,Las Vegas,Men's Athletic Footwear,65,350,5687.5,Outlet,22750,1,2020,21,Q1,1/21/2020
West Gear,West,Nevada,Las Vegas,Women's Apparel,80,350,5600,Outlet,28000,1,2020,25,Q1,1/25/2020
West Gear,West,Nevada,Las Vegas,Women's Athletic Footwear,60,350,6300,In-store,21000,2,2020,28,Q1,2/28/2020
West Gear,West,Nevada,Las Vegas,Men's Apparel,70,350,12250,In-store,24500,3,2020,7,Q1,3/7/2020
West Gear,West,Colorado,Denver,Women's Apparel,55,350,2887.5,In-store,19250,4,2020,1,Q2,4/1/2020
West Gear,West,Colorado,Denver,Women's Street Footwear,55,350,7700,In-store,19250,5,2020,10,Q2,5/10/2020
West Gear,West,Colorado,Denver,Women's Apparel,70,350,4900,In-store,24500,5,2020,13,Q2,5/13/2020
West Gear,West,Washington,Seattle,Men's Athletic Footwear,75,350,6562.5,In-store,26250,6,2020,14,Q2,6/14/2020
West Gear,West,Washington,Seattle,Women's Apparel,80,350,5600,In-store,28000,6,2020,18,Q2,6/18/2020
West Gear,West,Washington,Seattle,Women's Athletic Footwear,60,350,6300,In-store,21000,7,2020,22,Q3,7/22/2020
Foot Locker,Midwest,Minnesota,Minneapolis,Men's Street Footwear,50,350,6125,Outlet,17500,12,2020,16,Q4,12/16/2020
West Gear,West,Nevada,Las Vegas,Men's Apparel,70,325,11375,In-store,22750,3,2020,1,Q1,3/1/2020
West Gear,West,Colorado,Denver,Men's Athletic Footwear,65,325,4225,In-store,21125,4,2020,3,Q2,4/3/2020
West Gear,West,Colorado,Denver,Women's Apparel,80,325,3900,In-store,26000,4,2020,7,Q2,4/7/2020
West Gear,West,Colorado,Denver,Men's Apparel,70,325,14787.5,In-store,22750,4,2020,18,Q2,4/18/2020
West Gear,West,Colorado,Denver,Women's Athletic Footwear,55,325,6256.25,In-store,17875,5,2020,11,Q2,5/11/2020
West Gear,West,Washington,Seattle,Women's Athletic Footwear,65,325,6337.5,In-store,21125,6,2020,10,Q2,6/10/2020
West Gear,West,Washington,Seattle,Men's Apparel,70,325,5687.5,In-store,22750,7,2020,23,Q3,7/23/2020
Foot Locker,Midwest,Minnesota,Minneapolis,Women's Apparel,55,325,8043.75,Outlet,17875,11,2020,21,Q4,11/21/2020
Foot Locker,Midwest,Minnesota,Minneapolis,Women's Apparel,50,325,7312.5,Outlet,16250,12,2020,3,Q4,12/3/2020
Kohl's,Midwest,Minnesota,Minneapolis,Women's Athletic Footwear,45,325,5850,Outlet,14625,12,2020,31,Q4,12/31/2020
West Gear,Northeast,Pennsylvania,Philadelphia,Women's Athletic Footwear,45,300,4725,Outlet,13500,1,2020,5,Q1,1/5/2020
West Gear,West,Nevada,Las Vegas,Women's Athletic Footwear,55,300,5775,Outlet,16500,1,2020,17,Q1,1/17/2020
West Gear,West,Nevada,Las Vegas,Women's Athletic Footwear,60,300,6300,Outlet,18000,1,2020,23,Q1,1/23/2020
West Gear,West,Nevada,Las Vegas,Women's Athletic Footwear,60,300,7200,Outlet,18000,1,2020,29,Q1,1/29/2020
West Gear,West,Nevada,Las Vegas,Men's Apparel,65,300,11700,Outlet,19500,2,2020,5,Q1,2/5/2020
West Gear,West,Colorado,Denver,Women's Athletic Footwear,55,300,4950,In-store,16500,3,2020,30,Q1,3/30/2020
West Gear,West,Colorado,Denver,Men's Apparel,65,300,10725,In-store,19500,5,2020,12,Q2,5/12/2020
West Gear,West,Colorado,Denver,Women's Athletic Footwear,50,300,4500,In-store,15000,5,2020,29,Q2,5/29/2020
West Gear,West,Washington,Seattle,Women's Athletic Footwear,50,300,4500,In-store,15000,6,2020,4,Q2,6/4/2020
West Gear,West,Washington,Seattle,Women's Athletic Footwear,60,300,5400,In-store,18000,6,2020,16,Q2,6/16/2020
West Gear,West,Washington,Seattle,Women's Athletic Footwear,60,300,5400,In-store,18000,6,2020,22,Q2,6/22/2020
Foot Locker,Midwest,Minnesota,Minneapolis,Men's Athletic Footwear,45,300,4050,Outlet,13500,11,2020,23,Q4,11/23/2020
Foot Locker,Midwest,Minnesota,Minneapolis,Men's Athletic Footwear,45,300,4050,Outlet,13500,11,2020,29,Q4,11/29/2020
Foot Locker,Northeast,Pennsylvania,Philadelphia,Women's Apparel,75,275,6187.5,Outlet,20625,1,2020,1,Q1,1/1/2020
West Gear,West,Nevada,Las Vegas,Women's Athletic Footwear,45,275,4331.25,Outlet,12375,1,2020,11,Q1,1/11/2020
West Gear,West,Nevada,Las Vegas,Women's Athletic Footwear,40,275,3300,In-store,11000,3,2020,18,Q1,3/18/2020
West Gear,West,Colorado,Denver,Women's Athletic Footwear,40,275,3300,In-store,11000,3,2020,24,Q1,3/24/2020
West Gear,West,Colorado,Denver,Women's Athletic Footwear,60,275,4950,In-store,16500,4,2020,5,Q2,4/5/2020
West Gear,West,Colorado,Denver,Women's Athletic Footwear,60,275,7425,In-store,16500,4,2020,11,Q2,4/11/2020
Foot Locker,Midwest,Minnesota,Minneapolis,Men's Athletic Footwear,45,275,3712.5,Outlet,12375,12,2020,23,Q4,12/23/2020
Foot Locker,Midwest,Minnesota,Minneapolis,Women's Apparel,60,275,7425,Outlet,16500,12,2020,27,Q4,12/27/2020
West Gear,West,Nevada,Las Vegas,Men's Apparel,50,250,6875,Outlet,12500,1,2020,6,Q1,1/6/2020
West Gear,West,Washington,Seattle,Men's Apparel,55,250,3437.5,In-store,13750,5,2020,30,Q2,5/30/2020
Foot Locker,Midwest,Minnesota,Minneapolis,Men's Athletic Footwear,40,250,3000,Outlet,10000,12,2020,5,Q4,12/5/2020
West Gear,West,Colorado,Denver,Men's Apparel,45,225,5062.5,In-store,10125,3,2020,19,Q1,3/19/2020
West Gear,West,Washington,Seattle,Men's Apparel,55,225,3093.75,In-store,12375,6,2020,5,Q2,6/5/2020
Foot Locker,Midwest,Minnesota,Minneapolis,Women's Apparel,60,225,6075,Outlet,13500,12,2020,21,Q4,12/21/2020
Foot Locker,Midwest,Minnesota,Minneapolis,Women's Street Footwear,45,225,3037.5,Outlet,10125,12,2020,24,Q4,12/24/2020
West Gear,West,Nevada,Las Vegas,Men's Apparel,50,200,5500,Outlet,10000,1,2020,12,Q1,1/12/2020
West Gear,West,Nevada,Las Vegas,Men's Apparel,65,200,7150,Outlet,13000,1,2020,24,Q1,1/24/2020
West Gear,West,Nevada,Las Vegas,Men's Apparel,65,200,7800,Outlet,13000,1,2020,30,Q1,1/30/2020
West Gear,West,Washington,Seattle,Men's Apparel,65,200,3250,In-store,13000,6,2020,17,Q2,6/17/2020
West Gear,West,Washington,Seattle,Men's Apparel,65,200,3250,In-store,13000,6,2020,23,Q2,6/23/2020
Foot Locker,Midwest,Minnesota,Minneapolis,Men's Apparel,50,200,3000,Outlet,10000,11,2020,26,Q4,11/26/2020
Foot Locker,Midwest,Minnesota,Minneapolis,Women's Apparel,50,200,4500,Outlet,10000,12,2020,15,Q4,12/15/2020
West Gear,West,Nevada,Las Vegas,Men's Apparel,60,175,5775,Outlet,10500,1,2020,18,Q1,1/18/2020
West Gear,West,Colorado,Denver,Men's Apparel,65,175,5687.5,In-store,11375,4,2020,6,Q2,4/6/2020
West Gear,West,Colorado,Denver,Men's Apparel,65,175,7393.75,In-store,11375,4,2020,12,Q2,4/12/2020
West Gear,West,Washington,Seattle,Men's Apparel,70,175,3062.5,In-store,12250,6,2020,11,Q2,6/11/2020
Foot Locker,Midwest,Minnesota,Minneapolis,Women's Apparel,60,175,4725,In-store,10500,11,2020,15,Q4,11/15/2020
Foot Locker,Midwest,Minnesota,Minneapolis,Men's Apparel,55,175,2887.5,Outlet,9625,12,2020,26,Q4,12/26/2020
